3180 5136
708 385 860 484 *sq-

201 594 305 655 luisse
333 592 470 655 minime
499 594 680 656 verisimile
708 597 767 656 est.
809 593 851 657 de
875 588 1080 666 ἅποόέκταις,
1108 593 1224 675 quales
1246 592 1368 655 Pollux

201 695 256 756 hic
288 695 424 776 profert,
458 693 604 777 aliunde,
639 695 731 778 quod
765 696 879 776 sciam,
916 694 999 758 nihil
1031 695 1205 777 novimus,
1239 695 1369 776 reliqui,

202 797 231 860 si
262 797 394 860 Polluci
426 796 657 879 credimus,⁶⁸)
694 814 811 861 omnes
850 817 870 860 a
903 798 1134 860 Demosthene
1167 815 1369 860 commemo-

202 903 326 981 rentur,
361 899 400 960 cf.
429 899 579 980 inprimis
607 900 690 962 XXI
717 897 774 962 171
811 896 979 980 ἱεροποιὸν
1011 899 1066 960 καὶ
1097 897 1233 982 βοώνην.
1279 897 1370 962 σιτώ-

202 1023 257 1084 νης
291 1021 311 1063 a
338 1002 475 1084 reliquis
502 1003 726 1084 grammaticis
761 1003 947 1085 eprcatur
973 1006 1031 1065 aut
1064 996 1081 1064 ὁ
1114 999 1280 1082 προεστὼς
1311 1004 1371 1064 τοῦ

202 1102 358 1185 δημοσίου
382 1107 472 1166 σίτου
502 1108 560 1168 aut
588 1099 605 1168 ὅ
629 1103 687 1168 τὸν
716 1111 809 1168 σῖτον
838 1103 1015 1188 ἀγοράζων.
1067 1103 1158 1187 quod
1186 1105 1304 1168 attinet
1327 1103 1370 1168 ad

202 1210 384 1290 praetores,
406 1208 480 1289 ipse
500 1208 624 1272 Pollux
647 1212 821 1271 auctorem
842 1207 983 1270 indicat:
1009 1211 1059 1272 est
1080 1208 1177 1270 Dem.
1199 1207 1306 1270 LVIII
1327 1205 1369 1270 48
1402 1273 1404 1278 ,

200 1302 307 1382 οὐδεὶς
330 1308 501 1390 παρέδωκε
516 1316 583 1383 τοῖς
605 1308 788 1391 πράκτορσι
810 1306 852 1372 τὰ
877 1305 1046 1393 docuero,
1068 1311 1176 1373 forma
1190 1313 1371 1393 πρακτηρες

203 1410 305 1473 hodie
333 1413 368 1474 in
396 1417 550 1478 veterum
587 1413 744 1495 operibus
780 1432 947 1496 nusquam
974 1413 1112 1495 legitur,
1146 1413 1207 1476 sed
1236 1413 1371 1476 demum

203 1512 347 1577 labantis
370 1516 560 1596 graecitate
590 1517 650 1577 est.
696 1514 838 1598 ζητητῶν
867 1516 1014 1597 denique
1042 1517 1241 1578 memoriam
1269 1515 1373 1580 habet

205 1616 343 1678 eDem.
366 1621 448 1680 orat.
471 1619 506 1680 in
522 1617 701 1680 TImocrat.
728 1615 776 1682 ll.
808 1616 868 1681 sed
892 1636 972 1680 cum.
991 1617 1081 1700 apud
1102 1618 1369 1680 Demosthenem

205 1717 248 1780 de
269 1719 309 1781 iis
332 1718 480 1802 ζητηταῖς
495 1737 606 1783 sermo
630 1720 681 1801 slt,
706 1721 800 1801 quia
821 1719 964 1802 publicis
981 1719 1189 1782 debItoribus
1209 1722 1371 1801 pecunias

205 1820 398 1902 exigebant,
413 1820 561 1884 Pollucis
578 1821 769 1904 explicatio,
784 1822 820 1884 ni
834 1819 999 1904 fallor⁶⁹),
1015 1821 1058 1884 ad
1074 1821 1216 1886 alterum
1231 1821 1372 1904 ζητητῶν

204 1940 309 2004 genus
333 1925 472 2005 spectat,
497 1940 639 2004 quorum
667 1925 703 1986 iu
724 1923 910 1986 Andocidis
940 1927 1022 1986 orat.
1047 1923 1089 1986 de
1116 1927 1215 2005 myst.
1237 1926 1371 2007 saepius

203 2025 330 2088 mentio
353 2025 390 2086 fit
413 2029 446 2086 et
469 2026 527 2106 qui
547 2026 583 2086 iu
605 2027 700 2088 varia
722 2024 846 2089 delicta
873 2025 1098 2108 iuquirebant.
1144 2025 1265 2090 eadem
1285 2028 1370 2090 ratio

203 2126 335 2190 videtur
350 2145 425 2190 esse
439 2127 714 2210 Harpocrationis
730 2128 863 2210 glossae
886 2125 1032 2212 ζητητης;
1057 2121 1140 2210 ἄρηη
1154 2150 1202 2202 τις
1218 2123 1372 2212 Ἀθήνησι

203 2228 288 2291 κατὰ
311 2227 443 2309 καιροὺς
459 2233 698 2314 καθισταμένη,
722 2227 853 2293 εἴποτε
874 2229 949 2304 τοὺς
971 2225 1164 2304 ἀδικοῦντάς
1186 2253 1218 2293 τι
1233 2229 1372 2316 δημοσίᾳ

205 2329 272 2393 δέοι
295 2332 411 2414 ζητεῖν.
456 2335 671 2415 Δημοσθένης
700 2334 737 2395 ἐν
758 2335 803 2414 τῷ
832 2330 918 2396 κατὰ
944 2333 1170 2414 Τιμοκράτους
1197 2335 1253 2396 καὶ
1269 2329 1372 2396 ³Ando-

204 2434 292 2517 κίδης
314 2437 409 2516 ἐντῷ
425 2437 500 2516 περὶ
516 2434 682 2510 ἐνδείξεως
699 2483 706 2497 ,
724 2481 731 2496 .
749 2483 756 2496 .
781 2435 827 2522 (in
842 2438 906 2500 hao
923 2439 1075 2500 oratione
1089 2455 1181 2500 nunc
1198 2436 1373 2519 deperdita

203 2541 314 2600 utrum
338 2555 444 2619 genus
468 2541 768 2600 commemoratum
791 2540 843 2621 sit,
865 2540 1060 2616 nescimus).

288 2638 535 2720 ταξιάρχους
559 2659 636 2704 cum
665 2641 943 2704 antecedentibus
970 2659 1040 2705 non
1064 2643 1246 2705 cohaerere
1269 2645 1373 2706 atrei

205 2747 326 2806 natura
347 2743 562 2806 manifestruu
586 2749 636 2806 est
658 2762 723 2806 uec
744 2744 910 2826 particula
932 2749 1044 2822 μέντοι
1072 2763 1094 2806 a
1114 2745 1255 2808 Polluce
1279 2746 1372 2826 quid-

206 2863 307 2927 quam
323 2845 414 2907 aliud
436 2845 501 2907 nisi
516 2845 703 2927 simpIIcem
726 2847 902 2908 transitum
918 2845 1149 2928 significarim)
1173 2865 1372 2929 persuasum

203 2947 323 3010 habeo.
373 2964 493 3009 revera
520 2965 587 3009 non
619 2952 687 3010 tam
722 2949 974 3011 taxiarchorum
1006 2967 1128 3012 munus
1164 2949 1372 3032 describitur,

206 3067 307 3131 quam
330 3051 544 3129 παραυτίζτιν
565 3050 771 3113 vocabulum
795 3050 993 3113 declaratur.
1041 3070 1108 3133 qua
1134 3053 1170 3114 in
1191 3069 1228 3114 re
1249 3053 1374 3116 Pollux

205 3151 336 3214 nullum
358 3153 489 3214 socium
510 3152 614 3216 habet
635 3157 770 3234 praeter
790 3154 948 3236 Hesych,
972 3155 1125 3236 quamvis
1140 3155 1239 3217 huius
1261 3155 1374 3238 glossa

204 3255 422 3316 vehementer
455 3256 497 3317 sit
530 3254 729 3337 depravata:
764 3256 1013 3338 παραστίζουσοι
1047 3251 1081 3340 (ἢ
1114 3258 1327 3338 παροστίζων
1353 3253 1373 3340 ἢ

204 3357 478 3438 παραστιχθεί·);
513 3354 611 3444 ἐπ[ο]ί
638 3361 704 3420 τῶν
730 3353 992 3434 ηᾶνακλυσετῶν
1027 3355 1302 3442 ἀφνστερούντυν
1329 3360 1372 3424 τὰ

205 3451 355 3537 ὀνόματα
377 3465 603 3540 παρέστικτοιι.
648 3457 815 3543 (Σώφρων
838 3461 873 3522 δὲ
894 3459 1081 3544 κεντηματοί
1103 3463 1228 3548 φησιν.)
1266 3459 1372 3538 ἄλλοι,

205 3555 247 3634 ὥς
276 3555 407 3624 ἀπόντα
435 3561 522 3625 τινά.
567 3563 816 3644 παραστίζονσα
847 3564 937 3642 (cod.
961 3557 1236 3646 παραστήσουσο)
1266 3582 1372 3648 σημει-

206 3669 336 3746 ουμένη.

276 4007 312 4072 ⁵⁰)
347 4023 412 4060 nam
435 3999 601 4072 τειχοποιοτίς
626 4022 740 4075 quoque
767 4007 803 4060 ad
825 4008 970 4062 Demosth.
993 4010 1079 4061 refert
1106 4011 1119 4061 I
1143 4010 1201 4063 161.
1243 4011 1373 4084 equidem

204 4107 262 4144 non
278 4093 382 4162 inveni,
400 4095 455 4145 nisi
473 4094 545 4145 forte
563 4093 667 4146 Pollux
684 4096 809 4162 respexit
826 4095 957 4148 Aeschin.
976 4095 1016 4146 III
1036 4095 1076 4165 17,
1096 4097 1143 4164 qui
1155 4095 1371 4148 Demosthenem

205 4179 369 4247 loquentem
386 4178 505 4232 inducit:
524 4173 674 4246 τειχοποιός
692 4179 758 4246 εἰμι·
777 4173 909 4247 ὁμολογοῖ.

276 4299 313 4366 ⁵⁹)
350 4305 377 4352 et
394 4305 561 4368 acceperunt
577 4302 617 4352 ita
635 4302 718 4352 etiam
736 4301 846 4368 reliqui.

276 4420 313 4486 ⁸⁰)
349 4421 384 4474 cf.
403 4436 426 4474 e.
445 4437 471 4489 g.
490 4424 504 4486 ἓ
523 4419 581 4473 132.
