3180 5136
804 413 846 479 84

327 621 389 684 Ille
411 641 512 704 quem
534 643 636 706 supra
658 625 750 706 tetigi
773 643 874 706 error,
897 624 1063 706 siquidem
1086 617 1178 687 error
1193 629 1253 705 est,
1275 625 1405 688 Polluci

244 741 321 786 cum
343 725 415 788 aliis
438 731 489 790 est
505 729 700 810 communis,
724 728 784 790 sed
799 728 901 791 habet
916 728 1017 791 etiam
1033 728 1175 790 alterum
1189 728 1404 810 peculiarem,

244 844 345 908 quem
368 831 501 912 egregie
514 829 652 893 Boeekh
674 830 832 909 [Staatsh.
848 831 864 892 Ι
878 851 909 912 p.
926 828 988 892 647
1004 835 1092 912 sqq.)
1117 835 1151 892 et
1172 831 1407 894 animadvertit

113 941 119 948 “
244 935 278 992 et
310 929 501 1016 declaravit,
535 937 645 996 ortum
675 951 694 996 e
721 951 806 997 voce
839 937 962 1016 τίμημα
995 934 1084 997 male
1116 934 1296 996 intellecta.
1341 933 1405 996 hoc

242 1033 443 1117 fortasssis,
467 1055 487 1098 a
510 1053 576 1118 quo
599 1037 707 1118 primo
729 1037 891 1099 Polluces
914 1035 1064 1099 derivata
1086 1043 1173 1118 sunt,
1196 1053 1264 1100 non
1287 1053 1404 1118 pecca-

242 1140 346 1218 verat,
369 1137 524 1200 facillime
546 1139 581 1200 in
604 1156 751 1201 errorem
772 1138 920 1201 incidere
941 1143 1098 1221 poterant
1120 1139 1336 1221 grammatici,
1358 1139 1406 1200 ita

242 1241 280 1298 ut
300 1243 471 1320 postremo
493 1239 576 1303 illud
592 1241 740 1304 Pollucis
757 1237 935 1304 ἀνάλισκαν
950 1241 995 1315 εἰς
1010 1241 1048 1304 τὸ
1066 1239 1221 1325 δημόσιον
1237 1241 1404 1304 evaderet.

243 1343 314 1404 tota
335 1359 416 1406 vero
440 1342 482 1405 de
506 1349 643 1408 auctore
662 1346 814 1426 quaestio
832 1363 872 1408 eo
890 1346 1088 1427 continetur,
1109 1365 1192 1408 num
1206 1345 1405 1408 Plutarchus

243 1441 458 1508 Aristotelem
481 1448 647 1510 exhibeat.
694 1452 796 1530 atque
816 1449 851 1510 in
874 1449 937 1511 hac
960 1447 1097 1530 quidem
1124 1466 1161 1510 re
1183 1465 1273 1511 nune
1294 1465 1405 1530 paene

244 1562 361 1609 omnes
381 1548 538 1613 videntur
560 1552 749 1616 consentire
758 1549 814 1630 ⁹⁸).
845 1569 932 1634 quae
954 1552 982 1614 si
993 1569 1075 1614 vera
1090 1556 1140 1614 est
1156 1552 1279 1633 opinio,
1304 1553 1405 1614 etiam

242 1649 403 1714 Pollucea
425 1659 483 1716 aut
504 1656 686 1718 maximam
708 1660 838 1737 partem
860 1659 918 1718 aut
940 1659 1011 1718 tota
1033 1672 1077 1716 ex
1099 1654 1279 1717 Aristotele
1302 1653 1404 1716 fluxe-

241 1758 327 1816 runt.
372 1757 518 1820 mihine
539 1759 705 1839 posterius
729 1757 864 1840 quidem
892 1757 1114 1840 improbabile
1140 1757 1281 1820 videtur.
1326 1775 1406 1818 narn

244 1874 332 1938 quae
360 1859 449 1922 male
478 1862 641 1942 expressit
668 1861 807 1943 Pollux,
840 1862 966 1943 primus
1001 1864 1117 1924 auctor
1145 1863 1285 1924 fortasse
1313 1863 1406 1921 recte

244 1968 457 2044 exposuerat,
481 1981 522 2026 ea
544 1943 707 2027 artissime
730 1982 807 2028 eum
828 1965 965 2047 reliquis
989 1965 1178 2028 cohaerent.
1210 1961 1301 2046 quod
1323 1979 1404 2024 vero

242 2067 365 2130 Pollux
386 2067 636 2148 inscriptionem
659 2066 752 2130 addit
773 2068 1026 2131 memorabilem
1049 2067 1281 2146 Anthemionis
1303 2066 1405 2128 fortu-

217 2217 219 2226 .
242 2189 322 2232 uam
345 2169 583 2251 celebrantem,
605 2171 671 2233 hoc
692 2187 774 2234 sane
798 2172 919 2234 eximie
945 2170 988 2233 ad
1008 2169 1224 2233 Aristotelem
1246 2167 1403 2250 quadrat:

242 2274 346 2355 legas,
359 2291 497 2355 quaeso,
510 2272 755 2336 Schneidewini
767 2275 935 2356 egregiam
943 2273 1126 2337 Aristotelii
1138 2273 1248 2354 operis
1261 2271 1404 2352 descrip-

243 2377 369 2439 tionem
401 2375 586 2439 Heraclidis
615 2378 807 2459 fragmentis
841 2376 1037 2459 (Gottingae
1065 2373 1158 2454 1847)
1187 2375 1404 2457 praemissam

244 2482 277 2541 et
298 2496 431 2542 meeum
455 2480 653 2542 consenties.
699 2483 846 2542 attamen
875 2479 1037 2542 confiteor
1064 2495 1200 2560 prorsus
1227 2481 1318 2539 certa
1339 2476 1406 2538 hoc

244 2581 379 2664 quidem
411 2582 488 2645 loco
523 2583 623 2645 statui
656 2600 724 2645 non
757 2600 867 2664 posse,
902 2584 941 2645 cf.
964 2583 1065 2644 finem
1093 2581 1191 2643 huius
1219 2579 1334 2642 libelli.
1362 2615 1406 2624 -

242 2684 416 2848 Pogucem
439 2687 687 2767 exscripserunt
708 2686 811 2749 schol.
834 2685 965 2748 Platon.
989 2684 1081 2765 polit.
1105 2704 1137 2766 p.
1154 2680 1260 2744 5500
1284 2685 1317 2744 et
1338 2681 1401 2762 leg.

242 2807 274 2868 p.
322 2785 359 2848 15
382 2787 419 2850 B.

721 2983 736 3054 5
762 2975 928 3040 132-133

441 3055 649 3144 ὑπηρέται.

328 3179 502 3244 Simillima
534 3182 669 3246 tradunt
702 3183 758 3245 alii
790 3183 1006 3264 grammatici,
1039 3185 1077 3244 ut
1110 3180 1295 3242 communis
1328 3180 1403 3242 fons

244 3286 334 3347 certo
364 3289 538 3366 appareat:
568 3285 633 3348 lex.
655 3285 761 3348 Bekk.
786 3281 859 3366 234,
884 3281 921 3346 15
951 3281 1117 3364 δημόσιοςε
1147 3276 1165 3344 ὁ
1193 3284 1248 3364 τῆς
1277 3280 1404 3354 πόλεως

243 3383 366 3460 δοῦλος.
409 3386 552 3467 ἐγίνοντο
576 3385 610 3448 δὲ
635 3388 761 3472 Θρᾷκές
782 3409 867 3460 τινες
888 3381 906 3470 ἢ
929 3382 1060 3448 Σκύθαι
1080 3378 1100 3468 ἢ
1123 3379 1219 3445 ἄλλοι
1240 3381 1404 3464 βάρβαροι

243 3487 354 3551 δοῦλαι
376 3486 457 3572 πρὸς
478 3483 659 3573 ὑπηρεσίαν
681 3492 747 3552 τῶν
770 3487 982 3572 δικαστηρίων
1003 3489 1059 3550 καὶ
1080 3491 1145 3549 τῶν
1160 3490 1278 3548 κοινῶν
1292 3485 1403 3548 τόπων

242 3591 297 3654 καὶ
319 3589 419 3672 ἔργων
435 3636 443 3652 .
459 3635 467 3652 .
485 3636 508 3664 .,
536 3593 633 3657 Phor.
656 3589 788 3666 τοξόται
815 3593 870 3653 καὶ
898 3593 1030 3654 Σκύθαι
1059 3592 1114 3652 καὶ
1136 3591 1340 3652 Σπευσίνιαιε
1372 3586 1405 3650 αἱ

243 3691 353 3756 δοῦλαι
375 3691 409 3755 αἱ
430 3691 578 3776 δημόσιαι
593 3690 777 3778 Ἀθήνησιν,
804 3688 871 3756 ἀπὸ
894 3697 1090 3758 Σπευσινίαυ
1112 3695 1169 3755 τοῦ
1192 3690 1323 3772 πρώταν
1346 3715 1402 3754 κα-

241 3793 461 3880 ταστὴσαντας
495 3790 613 3870 αὑτοὺς
648 3796 701 3872 εἷς·
726 3795 786 3880 τὴν
812 3790 1003 3879 ὑπηρεσίαν,
1037 3797 1076 3858 cf.
1104 3795 1200 3857 Phot.
1229 3795 1264 3858 in
1298 3796 1403 3857 altera

242 3899 354 3981 glossa
375 3899 506 3972 τοξόται
529 3899 618 3978 (cod.
642 3898 802 3977 τολόται).
848 3899 921 3980 quis
945 3902 1062 3961 auctor
1084 3899 1135 3979 sit,
1164 3897 1192 3959 si
1221 3897 1402 3978 frequentis

312 4205 349 4271 ο1)
384 4207 477 4258 nescio
497 4207 571 4258 enim
584 4221 651 4256 num
662 4203 835 4258 Schoemann
848 4206 1005 4257 etiamnunc
1017 4205 1141 4271 retineat,
1161 4203 1237 4272 quod
1250 4202 1401 4271 aliquando

241 4291 306 4358 (Die
326 4291 604 4362 Verfassungsgesch.
627 4289 733 4344 Athens
759 4296 809 4345 etc.
832 4291 946 4360 Leipzig
967 4289 1032 4346 1854
1055 4307 1082 4360 p.
1101 4289 1144 4360 24)
1171 4290 1319 4342 arbitratus
1345 4293 1403 4340 erat

240 4379 404 4431 scholiastes
422 4384 449 4431 et
467 4378 658 4449 grammaticos
677 4375 894 4447 Atthidographi
922 4377 1063 4429 cuiusdam
1091 4375 1265 4442 (Philochori
1282 4375 1327 4426 vel
1344 4373 1402 4427 An-

240 4462 390 4531 drotionis)
408 4468 593 4518 uenationem
611 4479 721 4517 servare
739 4462 911 4532 eandemque
923 4465 1003 4516 etiam
1015 4463 1088 4531 apud
1102 4461 1280 4514 Plutarchum
1293 4465 1404 4514 exstare

241 4567 333 4620 posse.
