3194 5136
822 405 861 470 12

456 606 474 675 ό
526 610 668 675 ασιλεό
693 659 701 674 .
1124 669 1126 673 1

255 712 357 794 Herp.
387 616 581 799 ἐπιμελβητής
607 638 902 801 τῶνςμυστηρίωνε
1015 714 1298 802 Ἀριστοτέλης
1326 713 1355 779 δ’
1386 719 1423 780 ἐν

249 817 432 898 Ἀθηναίων
460 815 611 904 πολιτείᾳ
639 821 738 904 φησὶν
766 813 868 895 οὕτως
896 817 937 904 „i
960 820 996 883 δὲ
1023 818 1178 903 βασιλεῖς
1204 823 1336 903 πρῶτον
1362 825 1422 900 μὲν

255 919 321 1007 τῶν
342 923 527 1010 μυστηρίων
549 920 753 1001 ἐπιμελεῖται
774 921 859 1003 μετὰ
880 926 946 987 τῶν
967 924 1182 1007 ἐπιμελητῶν,
1205 920 1260 998 οὓς
1282 919 1300 988 δ
1324 921 1423 1007 δήμος

255 1027 445 1104 χειροτονεῖ,
467 1019 495 1105 γλ
510 1027 572 1104 μὲν
586 1025 621 1100 ἐξ
629 1021 814 1108 Ἀθηναίων
830 1021 997 1106 ἀπάντων,
1017 1026 1082 1090 Ιἕνα
1098 1021 1128 1089 δ’
1146 1027 1181 1100 ἐξ
1195 1021 1422 1108 Εὐμολπιδῶν,

255 1121 314 1186 ἕνα
338 1120 368 1186 δ’
392 1125 428 1186 ἐκ
450 1123 637 1209 Κηρύκωνίί.
683 1127 771 1191 adde
792 1129 895 1212 Horp.
918 1151 949 1196 v.
971 1128 1122 1214 βασιλική
1147 1127 1316 1210 διαδρομή.

256 1244 275 1288 e
296 1226 433 1308 reliquis
458 1229 496 1292 cf.
519 1228 586 1293 ier.
609 1229 715 1293 Bekk.
740 1227 814 1313 219,
839 1229 879 1294 14
900 1228 1068 1314 μασιλείςε
1091 1228 1245 1314 βασιλεῖς
1267 1232 1356 1295 ἐστιν
1378 1221 1424 1306 εἷς

254 1331 320 1391 τῶν
347 1329 444 1392 ἐννέα
473 1326 651 1412 ἀρχόντων.
701 1327 719 1395 ό
748 1331 784 1396 δὲ
817 1332 970 1417 βασιλεὺς
1002 1337 1187 1418 μυστηρίων
1221 1331 1424 1414 ἐπιμελεῖται

254 1427 427 1512 μετὰτῶν
454 1432 667 1518 ἐπιμελητῶν,
697 1431 753 1510 viic
780 1430 799 1500 ό
828 1435 927 1520 δήμος
952 1433 1187 1520 ἐχειροτόνησε.
1231 1438 1360 1520 γραφαὶ
1388 1435 1424 1499 δὲ

255 1531 475 1616 λαγχάνονται
496 1535 579 1617 πρὸς
603 1534 704 1601 αὐτὸν
720 1533 881 1620 ἀσεβείας.
912 1543 968 1602 καί
991 1535 1033 1603 ἀν
1047 1561 1096 1614 τις
1112 1537 1289 1624 ἱερωσύνης
1305 1535 1438 1622 ἀμφισῗ

254 1635 385 1721 βητήση,
408 1641 584 1724 προστιμᾷ.
615 1638 796 1715 διαδικάζει
817 1639 853 1703 δδ
875 1643 1014 1716 καὶτοῖς
1029 1648 1135 1723 γένεσι
1149 1645 1205 1706 καλ
1220 1649 1289 1717 τοῖς
1303 1639 1424 1722 ίερεῦσι

254 1738 314 1814 τάς
337 1737 592 1826 ἀμφισβητήσεις
620 1740 680 1817 τὰς
705 1739 788 1827 ὑπὲρ
817 1748 883 1807 τῶν
910 1747 1022 1827 γερῶν.
1059 1743 1281 1827 λαγχάνονται
1308 1744 1343 1808 δὲ
1368 1746 1425 1806 καλ

257 1839 294 1904 αῖ
313 1845 372 1904 τοῦ
395 1840 500 1924 φόνου
523 1841 611 1906 δίκαι
632 1847 740 1909 πᾶσαν
761 1847 845 1927 πρὸς
867 1851 994 1911 τοῶτον.
1246 1919 1248 1922 ,

254 1946 321 2008 lex.
349 1944 456 2008 Bekk.
486 1943 559 2028 309,
595 1944 635 2010 33
664 1949 749 2022 τίνες
775 1952 884 2012 ποίων
911 1949 1127 2033 δικαστηρίων
1156 1941 1245 2031 εἶχον
1270 1947 1329 2035 τήν
1355 1945 1424 2034 ήγε-

255 2050 390 2129 μονίαν;
415 2092 471 2114 ...
495 2041 513 2112 ὃ
535 2047 688 2128 βασιλεὺς
711 2050 834 2133 εἰσάγει
861 2051 921 2126 τάς
944 2052 1083 2135 φονικὰς
1106 2047 1251 2127 ἁπάσας,
1274 2054 1346 2116 ἐπεὶ
1369 2055 1426 2116 καλ

255 2148 471 2234 προαγορεύει
491 2147 550 2216 τὸν
572 2146 780 2236 ἀνδροφόνον
803 2151 975 2237 εἴργεσθαι
996 2158 1063 2218 τῶν
1077 2153 1249 2242 νομ[ίμ]ων
1272 2158 1327 2219 καί
1349 2158 1425 2239 περὶ

255 2257 320 2339 τῶν
342 2252 516 2338 ἱερῶν-καλ
538 2261 606 2328 τοῖς
628 2261 734 2337 γένεσι
756 2256 880 2333 δικάζει
901 2303 933 2319 ..
957 2307 964 2320 .
986 2257 1075 2321 adde
1095 2259 1193 2322 Phot.
1216 2279 1248 2322 v.
1269 2254 1426 2342 ἡγεμονία

257 2357 473 2439 δικαστηρίου.

256 2462 432 2525 Pollucem
456 2462 631 2542 exscripsit
653 2461 756 2526 schol.
778 2462 863 2524 Plat.
886 2462 1072 2544 Euthyphr.
1095 2483 1127 2544 p.
1151 2461 1171 2524 2
1193 2464 1223 2525 Α
1236 2459 1289 2547 ¹4).

459 2624 476 2693 ό
500 2627 770 2713 πολέμαρχος.

257 2768 359 2850 Harp.
375 2768 597 2850 πολέμαρχοςτ
622 2766 975 2853 ...Ἀριστοτέλης
997 2765 1027 2834 δ’
1053 2771 1089 2834 ἐν
1111 2774 1149 2856 τῇ
1159 2766 1345 2854 Ἀθηναίων
1366 2791 1423 2832 πο-

256 2871 362 2956 λιτείᾳ
378 2869 557 2946 διεξελθῶν
579 2867 642 2934 ὅσα
658 2871 776 2934 διοικεῖ
794 2868 812 2934 ό
828 2867 1036 2954 πολέμαρχος
1057 2872 1162 2955 ,πρὸς
1176 2869 1302 2936 ταῦτά“
1326 2887 1426 2957 φησιν

256 2971 377 3049 ,αὐτός
397 2997 435 3037 τε
457 2973 579 3055 εἰσάγει
602 2974 692 3050 δίκας
707 2979 767 3050 τάς
781 2998 817 3038 τε
831 2978 889 3038 τοῦ
906 2973 1112 3039 ἀποστασίου
1127 2979 1183 3038 καλ
1199 2970 1425 3059 ἀπροστασίου

158 3153 159 3158 ¹
256 3078 312 3139 καλ
334 3073 461 3159 κλήρων
483 3078 539 3139 καὶ
567 3075 751 3161 ἐπικλήρων
778 3083 847 3152 τοῖς
874 3080 1047 3158 μετοίκοις,
1074 3081 1130 3140 καλ
1158 3073 1247 3161 ἀλλα
1273 3071 1337 3141 όσα
1358 3083 1426 3153 τοῖς

257 3176 408 3252 πολίταις
431 3173 449 3242 ὁ
474 3174 593 3260 ἀρχων,
615 3182 722 3242 ταῦτα
744 3186 813 3254 τοῖς
835 3183 998 3262 μετοίκοις
1021 3176 1038 3243 ὁ
1062 3179 1300 3263 πολέμαρχοςίί.

260 3283 299 3346 cf.
324 3284 425 3346 oliam
447 3282 505 3346 lex
532 3282 638 3346 Bekk.
669 3280 742 3366 290,
771 3281 811 3346 27
834 3281 1057 3366 πολέμαρχοςε
1088 3279 1198 3364 ἄρχων
1224 3285 1314 3348 ἐστὶν
1330 3278 1425 3365 Ἀθή-

208 3401 213 3411 “
257 3403 330 3470 νησι
352 3388 418 3448 τῶν
431 3387 528 3449 ἐννέα
545 3384 724 3468 ἀρχόντων.
755 3389 812 3449 καλ
827 3388 872 3470 τῷ
882 3381 1041 3470 Ἐνυαλίῳ
1059 3386 1229 3470 διατίθησι
1242 3384 1302 3450 τὸν
1317 3383 1428 3468 ἀγῶνα

258 3488 317 3553 τὸν
339 3487 578 3572 ἐπιτάφιον,”)
649 3485 651 3488 ’
1187 3514 1190 3518 ·

260 3592 350 3675 apud
371 3593 546 3656 Pollucem
570 3594 669 3666 ξένων
692 3597 771 3655 ante
792 3593 960 3674 προξένων
982 3595 1098 3656 inserit
1112 3595 1217 3656 Meier
1233 3592 1314 3671 (Att.
1329 3590 1426 3654 Proc.

258 3716 290 3778 p.
315 3692 355 3758 52
377 3699 447 3758 not.
472 3692 527 3773 71)
550 3696 701 3777 itemque
723 3693 906 3779 ἐπικλήρων
928 3701 1006 3778 post
1027 3693 1163 3778 κλήρων.
1195 3695 1257 3758 sed
1279 3692 1372 3776 quod
1392 3693 1426 3756 in

260 3798 326 3861 alio
350 3798 512 3878 scriptore
535 3797 607 3858 sine
629 3796 700 3858 ulla
723 3795 934 3860 dubitatione
962 3804 999 3861 ut
1023 3799 1242 3862 certissimum
1270 3794 1428 3882 emenda·

260 3901 388 3966 iionem
418 3900 657 3981 acciperemus,
689 3898 800 3963 eidem
826 3901 862 3962 in
889 3903 958 3964 tam
985 3902 1179 3985 neglegenti
1207 3900 1428 3981 epitomatore

333 4189 368 4257 ¹⁴)
403 4205 470 4242 num
491 4206 526 4242 cx
544 4189 643 4242 eodem
662 4192 746 4242 etiem
764 4189 851 4244 schol.
870 4191 940 4244 Plat.
964 4190 1081 4244 Phaedr.
1100 4187 1152 4242 235
1174 4189 1199 4240 D
1219 4181 1234 4239 ὁ
1259 4183 1288 4240 δὲ
1306 4181 1429 4256 βασιλεὺς

258 4275 411 4344 μυστηρίων
427 4279 583 4342 προνοεῖται
600 4273 646 4328 καλ
663 4269 713 4338 τάς
730 4275 830 4338 θυσίας
846 4271 896 4338 τὰς
912 4275 1044 4344 πατρίους
1061 4274 1160 4327 διοικεῖ
1180 4273 1350 4342 descriptum
1368 4276 1429 4326 est?

260 4364 310 4418 sed
327 4367 359 4416 ut
376 4363 526 4417 scholiasta
543 4365 707 4430 προνοεῖται,
729 4365 769 4416 ite
786 4363 906 4432 Hesych.
923 4361 1058 4430 προνοῶν,
1077 4378 1140 4413 cum
1157 4361 1260 4414 Pollux
1277 4355 1429 4426 προέστηκα

334 4449 368 4516 ¹⁵)
403 4450 457 4503 hoc
476 4454 647 4503 contractum
665 4465 726 4503 esse
739 4466 774 4502 ex
793 4445 868 4519 [θύει
879 4446 935 4519 μὲν]
951 4444 1088 4519 Ἐνυαλίῳ,
1107 4444 1246 4514 διατίθησι
1264 4442 1322 4511 [δὲ]
1336 4447 1430 4500 docuit

260 4536 336 4608 Aug.
354 4538 508 4590 Mommsen
526 4537 716 4606 Heortologie‚
734 4537 849 4607 Leipzig
868 4537 945 4607 1864,
962 4554 989 4606 p.
1007 4535 1056 4590 281
1076 4538 1134 4588 not.
