3180 5136
740 399 890 500 ‘ae-

233 601 253 693 ἢ
278 608 447 692 προεδρία,
471 611 510 674 cf.
526 610 622 674 Phot.
642 631 672 674 v.
689 607 786 686 ξύλον
800 610 941 692 πρῶτον.
974 603 1122 690 ψιύθιον
1144 607 1292 688 denique
1306 587 1398 672 sdlus

233 713 382 793 Hesych.
406 712 571 776 declarat:
601 712 750 798 ψιάθιαε
780 708 822 775 τὰ
851 712 887 775 ἐν
912 715 981 785 τοῖς
1009 708 1225 792 δικαστηρίοις
1253 710 1308 772 ίπλ
1332 712 1401 772 τῶν

235 813 412 896 καθεύρῶν
433 813 715 898 ἐπιστορνύμενα.,
742 819 915 880 auctorem
938 815 1039 877 totius
1060 813 1137 895 loci,
1160 813 1230 876 sive
1252 814 1310 876 ille
1330 813 1399 876 iam

233 921 305 1000 ipse
335 938 413 982 eum
442 919 634 1000 composuit
656 921 736 1002 sive,
768 918 859 1002 quod
887 918 968 982 mihi
997 918 1106 982 minus
1134 916 1310 999 probabile
1339 921 1399 997 est,

235 1026 363 1084 tantum
392 1022 539 1105 singulas
569 1027 682 1104 partes
705 1021 901 1103 conscripsit
923 1039 944 1083 a
964 1021 1104 1085 Polluce
1133 1020 1302 1102 collectas,
1329 1037 1399 1084 non

235 1125 320 1190 adeo
345 1124 479 1188 difficile
503 1126 565 1187 erit
585 1126 796 1208 investigare.
838 1124 896 1206 qui
919 1124 1006 1187 enim
1029 1122 1169 1186 vocibus
1192 1125 1344 1205 πυκνίτης
1366 1126 1400 1186 ct

235 1231 365 1310 πρῶτον
386 1225 482 1302 ξύλον
503 1229 556 1292 usi
577 1220 653 1310 sint,
675 1229 748 1310 ipse
769 1226 893 1292 Pollux
914 1225 1048 1290 indicat.
1093 1227 1185 1309 prior
1207 1226 1399 1293 etiamnunc

236 1334 346 1393 exstat
374 1330 464 1412 apud
492 1330 661 1413 Aristoph.
689 1331 799 1412 Equit.
823 1327 864 1392 42
892 1332 1000 1413 Δῆμος
1026 1332 1195 1411 πυκνίτης,
1226 1327 1269 1392 ad
1298 1345 1399 1410 quam

234 1433 349 1496 locum
370 1434 436 1496 hoc
458 1433 610 1497 scholion
632 1434 790 1515 pertinet:
814 1430 914 1507 τύπος
931 1427 1105 1514 Ἀθήνησιν
1127 1429 1215 1494 ἔνθα
1237 1428 1326 1494 ἔστιν
1345 1424 1399 1494 ὅτε

234 1532 448 1621 ἠκκλησίαζον
471 1534 504 1598 οί
521 1539 697 1618 Ἀθηναῖοι.
741 1534 824 1611 πνὺξ
846 1531 905 1617 γὰρ
928 1533 1030 1609 τύπος
1057 1536 1093 1597 ἐν
1117 1529 1282 1618 Ἀθήναις,
1312 1531 1400 1596 ἔνθα

149 1691 151 1694 .
233 1633 251 1722 ἦ
282 1637 434 1726 ἐκκλησία
464 1645 696 1724 συνεκροτεῖτο.
740 1636 799 1702 τὸν
831 1640 933 1722 δῆμον
966 1636 1000 1701 δὲ
1034 1631 1142 1721 ὥσπερ
1178 1635 1313 1720 πολίτην
1344 1640 1400 1721 τῆς
1492 1625 1494 1630 ’

234 1742 354 1818 πνυκὸς
378 1746 549 1827 (πυκνίτην
572 1742 665 1806 addit
687 1742 777 1806 Suid.
800 1763 832 1814 v,
854 1744 969 1820 πυκνί)
994 1733 1074 1804 εἷπε.
1112 1739 1195 1815 πνὺξ
1218 1738 1252 1803 δὲ
1274 1739 1400 1822 λέγεται

236 1843 328 1926 παρὰ
349 1843 386 1908 τὸ
409 1848 624 1909 πυκνοῦσθαι
641 1847 711 1908 ἐκεῖ
729 1842 804 1920 τοὺς
825 1842 1003 1929 βουλευτὰς
1019 1839 1038 1927 ἢ
1055 1838 1121 1906 ἀπὸ
1139 1847 1196 1906 τού
1214 1845 1401 1907 πεπυκνῶσ-

235 1951 299 2010 θαι
325 1955 398 2023 ταῖς
426 1948 617 2028 καθέδραις.
662 1968 868 2032 quamquam
900 1947 994 2011 vides
1022 1948 1077 2010 hic
1105 1965 1242 2030 quoque
1268 1948 1303 2008 in
1332 1947 1400 2010 fine

234 2054 300 2114 τῶν
321 2050 497 2133 καθεύρῶν
518 2052 725 2115 mentionem
747 2052 829 2133 fieri,
857 2053 981 2132 tamen,
1009 2070 1092 2112 num
1114 2049 1157 2112 ad
1179 2049 1268 2112 hunc
1289 2049 1400 2130 ipsum

235 2156 348 2218 locum
363 2155 486 2219 Pollux
501 2157 640 2237 spectet,
664 2154 791 2236 dubito,
815 2171 892 2216 cum
906 2170 1018 2234 neque
1034 2151 1124 2235 apud
1138 2151 1399 2234 Aristophanem

236 2259 279 2322 da
301 2257 418 2340 populi
441 2258 622 2321 tumultu
650 2275 760 2320 sermo
783 2273 848 2320 nec
871 2261 964 2319 tanta
991 2256 1109 2319 scholii
1137 2255 1318 2319 similitudo
1348 2257 1400 2338 sit,

235 2365 273 2424 ut
293 2361 469 2424 Pollucem
489 2359 570 2423 inde
592 2360 727 2422 fluxisse
750 2363 897 2423 statuere
920 2377 1088 2442 cogamur.
1124 2356 1246 2420 deinde
1269 2361 1400 2438 πρῶτον

237 2462 332 2539 ξύλον
354 2468 597 2527 commemorat
618 2463 859 2545 Aristophanes
888 2463 923 2525 in
946 2463 1088 2525 ecclesia
1109 2460 1254 2524 Acharn.
1278 2458 1319 2522 24
1343 2464 1398 2540 (cf.

236 2567 339 2630 schol.
364 2565 460 2629 adh.
483 2567 532 2648 l),
555 2567 590 2628 in
612 2565 788 2629 dicosterio
811 2565 912 2650 Vesp.
936 2563 987 2628 90.
1033 2582 1120 2647 quae
1149 2582 1225 2627 cum
1251 2565 1298 2626 ito
1325 2565 1399 2646 sint,

237 2668 418 2733 admodum
440 2669 619 2732 verisimile
643 2673 694 2732 est
708 2673 816 2733 totum
830 2669 944 2733 locum
961 2686 980 2731 e
996 2668 1235 2730 commentario
1253 2665 1400 2750 quodam

236 2772 291 2834 vel
313 2772 423 2836 lexico
447 2774 575 2836 comico
599 2790 765 2856 manasse,
794 2774 866 2835 sine
896 2771 998 2834 dubio
1021 2770 1169 2852 Didymi,
1199 2771 1292 2834 cuius
1315 2766 1400 2844 λέξιν

236 2873 380 2958 κωμικήν
403 2880 535 2939 constat
557 2880 661 2966 totam
683 2876 718 2938 in
739 2875 901 2956 Hesychii
922 2873 1058 2938 lexicon
1081 2874 1259 2938 transiisse.

716 3103 731 3176 r
757 3095 924 3160 ιιι-142

390 3238 708 3319 περισχοινίσαιτ
731 3234 852 3317 reliqui
875 3240 996 3300 tacent.
1031 3238 1070 3299 cf.
1094 3242 1109 3314 §
1135 3234 1204 3300 123.

390 3379 497 3455 τρεῖς
519 3369 644 3448 θεοὺς
665 3368 849 3456 ὀμνύναι.
1377 3455 1378 3458 ¹

322 3477 429 3541 Huius
451 3478 501 3540 rei
522 3477 686 3540 memoria
708 3476 798 3560 apud
821 3477 930 3540 solum
945 3476 1152 3558 Hesychium
1168 3482 1292 3541 exstat:
1316 3483 1402 3559 τρεῖς

238 3582 330 3642 θεοίε
354 3577 447 3661 παρὰ
468 3577 598 3643 Σόλωνι
619 3581 655 3642 ἐν
676 3585 745 3654 τοῖς
768 3575 880 3655 ἄξοσιν
903 3573 989 3662 ὅρκῳ
1012 3585 1174 3642 τέτακται.
1213 3578 1294 3642 ἔνιοι
1315 3577 1401 3644 κατὰ

238 3681 276 3747 τὸ
304 3677 483 3766 Ὁμηρικόν.
529 3700 598 3746 non
632 3683 855 3748 conveniebat
885 3684 985 3766 igitm
1012 3684 1099 3747 inter
1130 3688 1261 3748 veteres
1295 3703 1400 3767 gram-

238 3787 399 3869 maticos,
451 3787 508 3867 qui
544 3786 590 3849 dii
626 3784 899 3870 significarentur.
966 3785 1055 3869 apud
1097 3787 1280 3850 Pollucem
1313 3805 1400 3850 unns

237 3890 387 3972 Iuppiter
407 3890 612 3972 intellegitur
623 3887 694 3972 ¹⁰⁰),
723 3879 911 3970 Hesychius
938 3890 1030 3953 illam
1057 3892 1258 3954 sententiam
1280 3890 1402 3954 omittit

170 4009 172 4018 ·
240 3996 274 4055 et
306 3992 446 4058 aliorum
480 3993 615 4076 profert,
652 3993 710 4076 qui
742 3992 785 4056 ad
818 3993 957 4057 Homeri
987 3993 1071 4056 illud
1101 3987 1141 4056 αί
1164 3992 1237 4075 γάρ,
1274 3996 1337 4055 Ζεύ
1365 4015 1402 4056 τε

239 4093 343 4176 πάτερ
373 4096 428 4156 καλ
452 4089 609 4179 Ἀθηναίη
642 4096 698 4158 καί
724 4090 882 4158 Ἄπολλον
916 4095 1114 4178 spectabant
1147 4097 1203 4178 (cf.
1225 4096 1400 4161 Demosth.

238 4197 320 4260 XXI
344 4194 430 4275 198).

312 4453 361 4520 ¹⁰⁰)
396 4455 430 4510 cl.
449 4445 586 4526 Welcl'rer,
605 4453 713 4513 Griech.
732 4452 906 4510 Gttterlehrc
924 4455 963 4510 Ill
980 4456 1037 4524 p.5
1055 4459 1112 4510 not.
1125 4455 1150 4510 6.
1166 4455 1280 4525 Preller,
1292 4454 1402 4512 Griech.

240 4540 355 4608 Mythol.
374 4541 405 4593 1³
421 4557 450 4610 p.
468 4541 502 4597 87
520 4547 577 4596 not
598 4544 621 4597 1.
