3180 5136
751 418 817 482 79·

187 631 258 708 μὲν
280 623 423 711 ῄρκεσε·
443 631 528 700 τοῖς
552 621 792 699 ἀντιδίκοις,
816 625 932 699 τέλος
954 619 1062 707 εἶχεν
1083 620 1102 709 ἡ
1126 623 1234 708 δίκη·
1254 623 1289 686 εί
1310 622 1350 686 δὲ

139 727 141 732 ’
187 730 251 814 μὴ,
275 730 322 793 τὰ
345 727 573 812 ἐγκλήματα
595 729 756 804 καὶτὰς
785 726 1033 812 προκλήσεις
1059 727 1126 789 καλ
1155 726 1226 802 τὰς
1253 750 1351 809 μαρ·

187 837 344 914 τνρίας,
366 831 424 896 ἔτι
447 831 488 894 δέ
509 834 576 895 καί
598 831 689 907 τοὺς
711 831 859 914 νόμους
882 826 1352 905 καλτάςάλλαςπίστεις

187 939 391 1017 ἑκατέρων
413 933 666 1017 ἐμβαλόντες
689 931 1351 1016 είςκαδίσκουςκαλσημηνάμενοι

188 1037 464 1119 παρεδίδοσαν
495 1045 583 1112 τοῖς
615 1037 878 1120 είσαγωγεῦσι
912 1041 988 1100 τῶν
1017 1036 1154 1099 δικῶν.
1204 1035 1289 1114 λέγει
1317 1034 1352 1097 δέ

188 1144 263 1222 περὶ
298 1136 407 1204 αὐτῶν
428 1137 715 1224 Ἀριστοτέλης
750 1142 787 1204 έν
809 1137 1002 1223 Ἀθηναίων
1035 1138 1195 1224 πολιτείᾳ.
1245 1138 1351 1201 verba

189 1245 372 1326 scripturae
400 1262 523 1328 genere
553 1232 720 1308 distincta
735 1250 812 1308 sunt
841 1248 930 1307 certe
957 1242 1155 1324 Aristotelis,
1186 1243 1271 1305 sicut
1300 1258 1351 1323 ea,

190 1366 277 1429 quae
298 1348 388 1430 apud
410 1348 586 1411 Pollucem
612 1349 653 1410 iis
679 1347 895 1430 respondent,
941 1346 1032 1428 quod
1054 1346 1156 1428 Harp.
1179 1345 1283 1408 habet
1305 1343 1350 1419 εἰς

189 1448 367 1524 καδίσκους,
389 1451 512 1513 Pollux
528 1449 573 1525 εἰς
589 1451 707 1532 ἐχῖνον,
725 1452 780 1513 hic
793 1451 914 1514 melius
929 1448 1122 1512 Aristotelia
1138 1448 1292 1528 servavit,
1314 1445 1350 1508 id

190 1553 279 1633 quod
309 1571 351 1615 ex
378 1555 452 1635 ipso
480 1553 582 1636 Harp.
605 1555 818 1636 perspicitur:
848 1554 967 1632 ἐχῖνοςε
986 1597 993 1612 .
1010 1596 1042 1611 ..
1071 1548 1265 1634 μνημονεύει
1293 1552 1351 1611 τοῦ

188 1650 302 1735 ἀγγονς
323 1653 440 1718 τούτου
462 1657 517 1718 καὶ
534 1651 816 1739 Ἀριστοτέλης
844 1657 881 1717 έν
907 1658 946 1738 τῄ
969 1650 1161 1737 Ἀθηναίων
1189 1652 1350 1737 πολιτείην.

186 1757 247 1822 sed
268 1776 390 1821 vocem
412 1756 559 1842 ψήφους,
589 1760 654 1822 nisi
681 1759 822 1822 librariis
846 1758 1024 1821 tribuenda
1047 1761 1107 1838 est,
1137 1775 1214 1819 cum
1235 1756 1348 1818 Roseo

185 1862 401 1924 statuendum
431 1863 493 1924 erit
520 1861 563 1925 ob
593 1859 695 1944 κημόν
730 1880 806 1925 cum
835 1863 928 1942 ἐχίνῳ
965 1861 1140 1924 confusum
1168 1860 1234 1921 huc
1263 1859 1351 1921 male

184 1964 314 2026 illatam
337 1982 419 2027 esse.
452 1969 597 2027 aetatem
621 1963 843 2027 diaetetarum
860 1963 1048 2045 complures
1064 1961 1271 2044 grammatici
1287 1965 1349 2022 tra-

186 2067 270 2129 dunt
291 2067 465 2129 minimum
489 2065 803 2150 quinquagesimum
817 2068 907 2128 vitae
923 2085 1048 2128 annum
1063 2067 1180 2127 fuisse:
1203 2063 1349 2126 Pollucis

186 2173 360 2231 auctorem
378 2173 564 2250 sequuntur
577 2170 722 2251 Hesych.
741 2169 904 2252 διαιτηταί
910 2191 917 2232 ;
935 2164 1117 2251 Ἀθήνησιν
1140 2167 1248 2244 ἕτεροί
1267 2189 1352 2240 τινες

185 2275 251 2333 τῶν
274 2270 445 2344 δικαστῶν,
468 2265 515 2345 οἷς
538 2273 719 2353 ἐπέτρεπον
743 2270 776 2334 οἱ
797 2268 1076 2355 ἀμφισβητοῦντες
1099 2268 1139 2332 τὰ
1155 2267 1350 2350 ἐγκλήματα,

188 2368 242 2435 καί
264 2371 358 2436 αὐτοὶ
380 2373 520 2460 διῄτων·
546 2375 633 2444 ,τιεί
655 2374 689 2437 δέ
711 2374 764 2458 μη,
799 2371 990 2454 ἀνέπεμπον
1012 2375 1067 2436 έπλ
1087 2371 1163 2447 τοδς
1186 2371 1350 2446 δικαστάς.

190 2473 223 2537 οἴ
244 2476 276 2538 δέ
298 2478 372 2558 περὶ
395 2476 425 2552 ξ’
450 2478 539 2550 (cod.
557 2479 588 2557 ζ)
613 2475 666 2559 ἔτη
689 2479 854 2559 γεγονότες
876 2476 993 2562 διῄτων
1016 2481 1050 2539 et
1070 2476 1137 2539 lex.
1153 2476 1260 2538 Bekk.
1277 2471 1349 2558 235,

190 2576 231 2640 20
264 2578 423 2663 διαιτηταὶ
454 2583 539 2654 τίνες
573 2579 651 2641 εἰσίν
679 2626 685 2640 .
715 2625 722 2640 .
750 2629 756 2643 .
789 2582 933 2660 έγίνοντο
968 2578 1003 2641 δέ
1037 2577 1198 2661 διαιτηταὶ
1232 2577 1353 2651 πάντες

185 2676 374 2764 Ἀθηναῖοι,
404 2675 451 2756 οἷς
480 2678 653 2765 ἑξηκοστὸν
676 2680 746 2756 ἔτος
768 2673 816 2766 ην.
860 2676 919 2744 τδν
946 2680 981 2743 δὲ
1009 2675 1239 2759 ἀδικοῦνταΜ)
1270 2681 1353 2742 διαι·

187 2782 283 2867 τητίγν
305 2785 378 2869 ἐξῆν
401 2784 626 2866 εἰσαγγέλλειν,
650 2787 706 2848 καὶ
729 2781 762 2846 εί
779 2807 827 2858 τις
850 2782 947 2857 ἑάλω,
977 2780 1092 2864 ἀτιμία
1121 2775 1162 2866 ῄν
1183 2781 1220 2845 τὸ
1250 2785 1350 2847 ἐπιτί-

186 2909 271 2967 μιον.
301 2891 337 2950 ut
351 2888 586 2968 Hesychianae
609 2889 741 2971 glossae
763 2889 837 2950 finis
861 2907 936 2950 cum
950 2887 1091 2951 Polluce
1115 2888 1283 2969 conspirat
1293 2886 1350 2969 0·”),

186 2991 234 3052 sic
266 2992 396 3054 initium
432 2992 608 3054 manifesto
644 3011 720 3054 cum
752 2992 1029 3073 Harpocratione.
1079 2994 1219 3072 apparet
1250 2990 1350 3071 igitur

187 3112 292 3155 unum
318 3093 438 3156 horum
466 3095 566 3156 trium
593 3099 769 3158 auctorum
797 3095 924 3158 fontem
952 3094 1063 3158 fuisse.
1116 3094 1182 3155 huc
1211 3092 1350 3173 accedit,

188 3194 278 3276 quod
307 3196 341 3257 in
370 3196 525 3260 omnibus
555 3198 617 3260 etsi
643 3199 678 3260 in
712 3198 778 3260 alio
813 3197 909 3260 aliter
943 3215 1139 3279 expressum
1173 3213 1372 3268 commune¹

187 3299 304 3366 vitium
326 3298 416 3361 latet.
451 3301 578 3362 scilicet
592 3302 626 3363 in
642 3300 854 3382 publicorum
870 3300 1089 3363 diaetetarum
1106 3299 1351 3380 expositionem

188 3400 270 3485 falso
293 3401 448 3483 inserunt,
473 3420 560 3484 quae
583 3403 625 3466 ad
648 3404 796 3484 privatos
819 3407 987 3484 spectant:
1015 3402 1099 3465 Poll.
1123 3399 1233 3481 ἔλεγον
1256 3401 1351 3462 δ’ἐπι-

187 3508 310 3590 τρέψαι
334 3502 463 3566 δίαιταν
483 3507 539 3566 καὶ
564 3500 582 3587 ῄ
614 3503 723 3567 δίαιτα
754 3502 901 3566 ἐκαλεῖτο
930 3502 1105 3586 λπιτροπῄ,
1134 3504 1279 3583 Hesych.
1303 3495 1351 3576 οἷς

188 3607 368 3685 ἐπέτρεπον
394 3605 428 3668 οἱ
448 3602 728 3690 ἀμφισβητοῦντες
757 3604 798 3670 τὰ
825 3605 1027 3691 ἐγκλήματα,
1060 3607 1161 3689 Harp.
1184 3601 1204 3689 ῄ
1226 3608 1350 3685 ἐπιτρε-

188 3706 328 3787 ψάντων
350 3704 461 3782 αὐτοῖς
484 3713 548 3772 τῶν
570 3716 779 3791 κρινομένων.
816 3711 947 3773 initium
961 3710 1114 3772 Pollucei
1128 3710 1195 3772 loci
1210 3710 1351 3772 fortasse

189 3809 375 3873 Aristotelis
399 3816 458 3894 est,
482 3813 542 3876 sed
565 3832 653 3895 quae
682 3817 876 3894 sequuntur,
899 3811 1056 3875 videntur
1080 3796 1178 3874 huius
1204 3813 1349 3874 auctoris

258 4032 295 4100 ⁹⁴)
330 4033 394 4085 hinc
412 4037 488 4101 patet
505 4035 580 4102 apud
598 4035 740 4088 Pollucem
758 4040 823 4103 post
834 4028 870 4102 μή
883 4035 1046 4087 adverbium
1060 4033 1201 4101 quoddam
1215 4033 1350 4098 (δικαίως)

187 4119 367 4174 intercidisse.

257 4205 294 4272 ⁹⁵)
330 4224 393 4259 cum
411 4222 461 4275 pro
474 4207 606 4258 Polluceo
621 4201 688 4274 ὑπὲρ
706 4213 734 4259 et
745 4207 898 4274 Hesychius
912 4211 940 4259 et
953 4205 1104 4276 Gregorius
1118 4204 1243 4258 Corinth.
1256 4203 1350 4268 (Rhet.

188 4290 283 4345 Graec.
301 4293 343 4346 ed.
364 4294 440 4345 Walz
459 4292 508 4344 Vll
527 4310 553 4361 p.
574 4293 662 4362 1284),
686 4295 734 4361 qui
758 4295 849 4346 locum
877 4294 998 4345 Pollucis
1022 4294 1176 4360 exscripsit,
1199 4291 1350 4344 exhibeant

186 4378 254 4448 περί,
291 4379 344 4432 hoc
367 4382 450 4432 stiam
473 4379 580 4431 Polluci
602 4379 804 4432 restituendum
831 4383 885 4448 θείς
912 4379 941 4430 id
968 4378 1045 4447 quod
1070 4381 1127 4431 iam
1149 4375 1348 4430 Valckenarius

187 4466 284 4519 voluit.
316 4471 436 4518 ceterum
454 4467 529 4518 idem
548 4465 698 4534 Gregorius
717 4467 861 4517 confirmat
878 4467 1020 4534 egregiam
1038 4464 1160 4516 Kuehnii
1179 4463 1348 4516 emendatio-

186 4567 250 4604 nem
269 4543 367 4621 διῄτων
385 4567 435 4620 pro
454 4551 515 4605 τῶν.
1079 4543 1090 4548 “
