3194 5136
733 423 772 487 13

170 651 215 696 ne
237 633 509 715 probabilitatem
534 632 670 713 quidem
693 650 873 714 possumus
902 633 1082 714 assignare.
1128 638 1277 698 ceterum
1304 636 1339 696 in

171 737 239 799 fine
254 724 412 799 'Pollucei
433 735 502 798 loci
524 734 652 815 aliquid
676 739 870 815 corruptum
893 752 968 797 esse
989 739 1092 818 patet,
1117 737 1156 798 ef.
1181 753 1253 818 cap.
1276 737 1316 800 Π.

255 837 316 900 His
338 836 530 918 singillatim
554 837 714 918 expositis
738 838 766 898 si
789 838 971 918 quaeritur,
999 842 1112 899 utrum
1140 838 1339 903 Aristoteles

172 942 246 1022 ipse
269 957 309 1002 eo
334 939 462 1022 ordine,
486 958 552 1021 quo
575 939 710 1022 Pollux,
732 959 813 1002 usus
836 942 879 1002 sit
901 959 943 1002 an
964 941 1041 1022 alic,
1065 959 1094 1002 e.
1118 960 1148 1022 g.
1173 959 1214 1004 eo
1238 962 1340 1025 quem

170 1045 277 1106 nostri
310 1044 385 1105 aevi
416 1043 570 1106 homines
604 1042 785 1106 observare
818 1043 939 1124 solent,
980 1047 1107 1106 certum
1141 1061 1341 1125 responsum

173 1146 254 1210 dare
264 1163 410 1228 nequeo,
423 1162 500 1206 cum
511 1163 556 1206 ne
567 1145 776 1227 grammatici
788 1143 926 1225 quidem
939 1161 980 1208 ea
990 1146 1022 1206 iu
1035 1163 1073 1207 re
1086 1147 1286 1227 conspirent.
1294 1146 1337 1226 ¹⁶)

172 1247 257 1312 illud
267 1248 499 1329 unusquisque
510 1246 717 1309 intellexerit
733 1247 907 1310 verissime
920 1247 1010 1310 dicta
1027 1265 1102 1312 esse
1117 1248 1223 1311 verba
1235 1249 1340 1313 Rosei

173 1370 274 1433 supra
291 1351 403 1414 allata.
434 1352 551 1432 itaque
561 1351 595 1430 ii,
612 1349 669 1430 qui
682 1349 851 1430 quaedam
865 1350 951 1412 falsa
965 1368 1026 1431 per
1036 1351 1096 1412 has
1112 1353 1340 1434 paragraphos

172 1453 259 1518 tradi
275 1452 531 1534 contenderunt,
554 1451 701 1533 videant,
723 1472 806 1514 num
822 1457 915 1515 recte
930 1454 1080 1517 feceriut.
1113 1454 1205 1535 quod
1228 1459 1341 1518 autem

170 1557 316 1639 Philippi
338 1553 508 1640 (Beitrtge
531 1575 573 1618 zu
596 1556 690 1618 einer
712 1553 914 1618 Geschichte
938 1555 997 1618 des
1022 1558 1185 1620 attischen
1201 1558 1340 1640 Bt'uger-

171 1660 293 1741 rechts,
306 1658 420 1720 Berlin
435 1654 526 1740 1870,
544 1679 576 1738 p.
592 1654 667 1735 109)
681 1657 725 1719 ad
744 1653 812 1733 §85
832 1676 880 1738 sq.
892 1660 1035 1739 profert:
1053 1677 1111 1740 „so
1130 1678 1208 1742 meg
1219 1661 1342 1724 Pollux

177 1761 260 1824 altas
282 1760 354 1823 und
374 1778 479 1824 neces
503 1759 771 1822 durcheinander
792 1761 954 1843 mischen,
977 1762 1027 1824 als
1049 1761 1138 1824 habe
1161 1780 1196 1824 es
1219 1763 1341 1844 gleich-

175 1865 273 1946 zeitig
294 1863 516 1944 bestanden“,
537 1863 573 1925 id
596 1879 700 1944 nego,
722 1863 825 1924 immo
850 1862 1029 1945 contendo,
1060 1864 1190 1926 etiamsi
1211 1867 1342 1927 univer-

157 2039 159 2044 ,
175 1986 249 2029 sum
265 1965 308 2029 de
324 1966 540 2029 archontibus
555 1967 669 2028 locum
684 1969 886 2048 spectamus,
908 1965 1003 2028 nulla
1023 1968 1144 2050 inesse,
1169 1987 1257 2049 quae
1271 1986 1341 2032 uno

175 2075 327 2152 tempore
348 2088 417 2134 uon
442 2071 609 2134 exstitisse
633 2073 841 2150 compertum
863 2068 1059 2132 habeamus.

721 2269 815 2368 ser

260 2429 354 2493 Haec
383 2449 492 2512 usque
522 2431 565 2493 ad
594 2428 789 2514 δικαστηρίῳ
820 2449 864 2494 ex
893 2431 1073 2494 Aristotele
1100 2431 1236 2496 fluxisse
1266 2451 1342 2497 con·

177 2531 288 2615 cedeS,
311 2535 339 2596 si
355 2551 431 2594 cum
446 2533 547 2614 Harp.
566 2535 823 2615 comparaveris
846 2533 904 2596 ubi
918 2535 1040 2618 partim
1055 2535 1208 2615 pleniora
1222 2525 1344 2617 partim

178 2637 402 2700 contractiora
431 2653 531 2724 quam
561 2634 651 2716 apud
678 2634 854 2699 Pollucem
882 2635 1054 2717 leguntur:
1083 2636 1261 2722 πάρεδροςι

169 2734 449 2822 Ἀριστοτέλης
472 2732 501 2798 δ’
526 2738 562 2799 ἐν
584 2740 622 2822 τῇ
639 2731 826 2819 Ἀθηναίων
847 2735 998 2822 πολιτείᾳ
1014 2741 1094 2822 φησὶ
1115 2738 1345 2822 ,λαμβάνουσι

177 2839 289 2904 δὲκαὶ
311 2839 495 2925 παρέδρους
517 2833 537 2902 ὅ
558 2863 595 2902 τε
617 2833 727 2922 ἄρχων
749 2842 805 2901 καὶ
829 2833 1080 2923 δπολέμαρχος,
1104 2838 1162 2902 δύο
1177 2841 1342 2927 ἑκάτερος,

178 2939 233 3018 οὓς
256 2938 297 3005 dr
319 2941 487 3026 βούληται.
510 2943 565 3004 καί
589 2929 680 3004 οὗτοι
697 2940 929 3022 δοκιμάζονται
945 2943 980 3004 ἐν
996 2944 1041 3024 τῷ
1057 2939 1250 3026 δικαστηρίῳ
1267 2948 1344 3029 πρὶν

177 3044 405 3130 παρεδρεύειν,
446 3047 502 3108 καὶ
537 3040 681 3120 εὐθύνας
717 3042 864 3109 διδόασιν
898 3045 986 3109 ἐπάν
1019 3044 1345 3130 παρεδρεά[σ]ωσιν“.

178 3149 238 3211 sed
262 3151 362 3212 etiam
384 3149 489 3213 verba
511 3149 771 3230 προσαιροῦνται
793 3147 828 3211 δὲ
850 3153 906 3212 καὶ
927 3154 1130 3232 γραμματέα,
1161 3145 1196 3224 ὃς
1218 3149 1345 3233 ἐννόμῳ

178 3250 245 3336 (vel
267 3253 379 3333 potius
401 3252 438 3313 ἐν
465 3249 555 3332 μόνῳ
571 3250 611 3330 ¹⁷)
637 3250 832 3335 δικαστηρίῳ
855 3255 1001 3335 κρίνεται
1024 3272 1101 3315 oum
1128 3253 1243 3316 Roseo
1273 3254 1344 3315 Ari-

178 3353 291 3416 stoteli
319 3352 466 3416 tribuere
495 3372 564 3417 uon
593 3353 729 3439 dubito,
764 3356 802 3417 ef.
832 3355 899 3418 lerr.
930 3353 1026 3418 Cant.
1063 3377 1094 3418 v.
1124 3357 1347 3435 θεσμοθετῶν

180 3450 350 3537 ἀνάκρισις
372 3458 441 3517 init.

725 3626 805 3704 §93

263 3761 475 3825 Peculiarem
498 3761 668 3843 quendam
683 3765 914 3846 magistratum
930 3762 1072 3826 Athenis
1091 3765 1268 3846 exstitisse,
1291 3766 1345 3827 cui

180 3859 363 3946 εἰσαγωγεῖς
385 3880 509 3926 nornen
533 3866 641 3947 fuerit,
665 3867 838 3929 verissime
860 3868 996 3948 negavit
1018 3867 1124 3929 Meier
1145 3865 1225 3950 (Att.
1249 3867 1345 3929 Proe.

178 4071 483 4082 -ι--ι--Ἣ-

253 4207 288 4274 ¹⁶)
323 4207 444 4260 Pollucis
464 4209 590 4261 ordinem
609 4208 694 4261 habet
712 4208 768 4262 lex.
786 4209 873 4263 Belrk.
891 4207 952 4277 449,
972 4207 1013 4261 17.

253 4294 287 4361 17)
323 4311 385 4348 cum
404 4309 558 4348 assessores
578 4299 607 4348 et
623 4299 651 4347 iu
670 4300 769 4348 senatu
792 4301 820 4348 et
842 4299 872 4348 in
894 4296 998 4348 iudicio
1023 4295 1256 4350 examinarentur.
1292 4298 1347 4349 iarn

179 4381 371 4438 Westermann
388 4385 418 4435 iu
437 4385 670 4436 commentatione
693 4383 728 4434 de
751 4382 931 4436 iurisiurandi
954 4381 1077 4434 iudicum
1101 4379 1204 4436 Athen.
1228 4383 1349 4438 formula

179 4485 251 4537 quae
270 4475 362 4522 exstat
379 4472 409 4522 in
431 4469 510 4524 Dem.
535 4485 574 4522 or.
598 4472 627 4523 iu
651 4469 772 4522 Timocr.
796 4474 866 4537 part.
889 4469 915 4521 II
939 4467 1001 4537 p.9
1024 4467 1078 4519 hoc
1101 4469 1258 4536 suspicatus
1281 4474 1348 4522 erat.

177 4571 230 4608 nec
248 4556 358 4609 ridetur
375 4556 429 4607 ulli
448 4556 616 4610 dubitationi
636 4556 800 4609 obnoxium.
