3180 5136
741 349 783 414 87

721 615 735 687 5
762 608 820 672 155

372 691 526 768 ,θάλος

270 813 298 876 Ε
321 814 543 896 grammaticis
565 815 713 876 maxime
741 814 806 877 huc
836 815 961 877 faciunt
987 813 1089 897 Harp.
1111 812 1231 888 θόλοςι
1248 862 1256 875 .
1274 859 1305 874 ..
1330 809 1347 876 ὁ

185 914 286 990 τόπος
308 913 395 978 ἔνθα
418 915 588 979 ἐδείπνουν
610 913 644 977 οἱ
664 913 839 997 πρυτάνεις
862 910 963 990 οὕτως
985 914 1133 979 ἐκαλεῖτο
1156 911 1236 994 παρ’
1255 911 1348 998 Ἀθη-

185 1021 300 1093 ναίοις.
337 1012 514 1099 Ἀμμάυιος
535 1022 612 1098 γοῦν
634 1018 670 1081 ἐν
693 1015 724 1079 d'
748 1020 824 1098 περὶ
845 1021 964 1102 βωμῶν
985 1016 1105 1101 γράφει
1126 1020 1224 1080 ταυτί
1249 1012 1288 1092 ,,ὁ
1311 1017 1346 1079 δὲ

184 1121 285 1196 τόπος
307 1115 391 1183 ὅπου
413 1121 584 1184 ἑστιῶνται
606 1119 640 1184 οἱ
659 1119 835 1204 πρυτάνεις
854 1120 1002 1184 καλεῖται
1023 1119 1141 1197 θάλος,
1171 1113 1228 1183 ὑπ’
1252 1121 1348 1183 ἐνίων

186 1223 221 1286 δὲ
244 1222 344 1298 σκιάς,
368 1221 481 1286 διὰτὸ
505 1217 607 1297 οὕτως
629 1217 865 1307 ᾠκοδομῆσθαι
894 1218 995 1287 αὐτὸν
1024 1221 1217 1307 στράγγυλον
1245 1221 1346 1304 παρό-

184 1348 281 1409 μοιον
303 1322 407 1410 θολίᾳ
430 1330 464 1388 et
484 1325 631 1406 Hesych.
655 1323 773 1400 θόλοςε
790 1369 799 1386 .
816 1320 891 1409 ..ij
920 1321 1002 1390 ὅπου
1031 1323 1065 1389 οἱ
1090 1326 1264 1405 πρυτάνεις
1293 1327 1348 1387 καὶ

185 1424 204 1513 ἡ
226 1426 324 1512 βουλὴ
349 1431 651 1491 συνειστιῶντο...
675 1430 714 1491 ef.
737 1429 865 1492 Timaei
886 1428 952 1493 lex.
975 1429 1060 1500 Plat.
1084 1448 1108 1520 a.
1131 1450 1163 1492 v.
1208 1429 1236 1490 si
1257 1429 1347 1510 apud

185 1532 393 1613 Hesychium
415 1532 556 1614 legimus
579 1529 613 1594 οἱ
632 1528 807 1611 πρυτάνεις
826 1533 881 1594 καὶ
896 1525 914 1614 ἡ
929 1529 1039 1614 βουλή,
1062 1530 1096 1594 id
1113 1533 1254 1594 fortasse
1268 1531 1348 1594 inde

187 1640 295 1700 ortum
318 1638 378 1716 est,
409 1633 502 1717 quod·
524 1634 604 1698 olim
625 1635 711 1698 haec
738 1637 785 1698 ita
812 1636 882 1697 iera
909 1638 947 1697 ut
976 1633 1066 1717 apud
1087 1634 1262 1698 Pollucem
1291 1652 1347 1697 ex-

185 1738 294 1820 posita
322 1741 426 1820 erant,
462 1743 533 1800 tum
562 1739 813 1820 excerpentium
844 1742 876 1801 et
905 1737 1165 1800 describentium
1193 1737 1348 1800 socordia

186 1840 358 1922 paullatim
380 1840 657 1923 depravabantur.

268 2307 361 2370 Haec
387 2306 504 2392 habui,
538 2324 626 2388 quae
653 2306 696 2369 de
724 2307 862 2390 singulis
890 2307 973 2372 locis
1002 2306 1158 2370 dicerem.
1202 2305 1346 2370 vidimus

182 2411 357 2474 Pollucem
395 2427 497 2491 saepe
514 2477 515 2480 ,
534 2411 681 2491 optima,
725 2427 837 2500 saepe
865 2409 1053 2494 deteriora,
1098 2428 1200 2493 saepe
1231 2409 1359 2492 aperta

183 2515 268 2577 falsa
297 2512 437 2576 tradere.
481 2513 597 2594 itaque
623 2511 679 2574 val
706 2513 854 2575 maxime
881 2512 1048 2576 lubricum
1077 2517 1137 2595 est,
1165 2530 1209 2576 ne
1238 2512 1346 2576 dicam
1443 2602 1445 2606 ι

183 2633 387 2700 perversum,
414 2631 483 2677 non
511 2615 621 2678 solum
650 2631 694 2676 ex
716 2614 821 2678 altero
844 2616 921 2678 loco
945 2615 988 2678 de
1010 2616 1127 2698 altero,
1156 2615 1216 2678 sed
1246 2616 1347 2678 etiarn

185 2737 228 2782 ex
250 2719 355 2782 altera
376 2722 472 2800 parte
493 2717 592 2781 unius
616 2717 835 2800 eiusdemque
857 2718 924 2782 loci
946 2717 990 2781 de
1005 2719 1111 2782 altera
1125 2719 1252 2801 aliquid
1267 2736 1344 2781 con-

185 2822 337 2885 cludere:
360 2839 440 2883 nam
463 2821 520 2902 qui
542 2819 645 2885 modo
667 2821 814 2904 pessime
836 2822 967 2904 erravit,
989 2821 1080 2885 idem
1101 2839 1266 2904 persaepe
1282 2826 1345 2884 sta-

183 2926 242 2988 tim
276 2925 450 2988 verissima
484 2922 628 2988 tradidit.
673 2923 732 2992 sed
761 2941 894 3006 semper
923 2925 1044 3008 singuli
1070 2925 1139 2989 loci
1166 2925 1346 3006 separatim

185 3033 281 3092 amnt
303 3026 468 3091 tractandi
490 3031 524 3090 et
545 3028 725 3109 separatim
753 3027 797 3090 ad
825 3029 963 3110 fontem,
991 3028 1020 3090 si
1041 3027 1112 3090 fieri
1134 3028 1267 3110 poterit,
1296 3045 1345 3090 re-

183 3131 319 3196 ferendi.
365 3131 487 3195 deinde
514 3130 720 3214 ubicumque
746 3130 872 3214 aliquid
907 3149 1026 3213 parum
1059 3133 1151 3194 recte
1179 3129 1347 3194 videbitur

184 3235 374 3316 expositum
390 3252 474 3317 esse,
497 3232 673 3317 diligenter
689 3234 1011 3317 adinquirendum,
1033 3253 1115 3296 nuru
1128 3235 1215 3298 forte
1229 3234 1346 3296 vitium

183 3336 262 3400 inde
291 3341 400 3400 ortum
429 3355 504 3401 asse
530 3338 645 3420 possit,
680 3337 772 3418 quod
804 3339 928 3401 Pollux
961 3338 1124 3420 ampliora
1157 3337 1348 3401 testimonia

182 3442 295 3523 inepte
318 3441 522 3523 excerpserit
544 3444 586 3522 et,
610 3457 698 3521 quae
712 3441 903 3503 necessaria
918 3445 1023 3522 arant,
1046 3445 1173 3504 temere
1188 3439 1345 3502 omiserit.

269 3575 336 3642 Sed
356 3578 434 3660 iam,
455 3577 515 3640 ubi
539 3581 629 3640 certa
649 3578 790 3641 iacimus
811 3576 1040 3661 fundamenta,
1068 3595 1145 3641 eum
1174 3581 1345 3640 auctorem

184 3699 345 3746 conemur
365 3680 536 3766 indagare,
560 3697 626 3766 quo
648 3681 722 3763 ipse
743 3679 867 3744 Pollux
888 3698 968 3743 usus
991 3680 1041 3744 sit.
