3180 5136
750 401 902 503 ,AL

243 629 313 676 non
337 627 420 690 esse,
456 607 517 672 sed
550 608 710 692 eiusdem,
744 611 798 672 eui
829 613 1001 690 postrema
1033 608 1209 692 debentur,
1244 610 1408 674 Demetrii

243 713 464 794 Phalerensis,
489 712 581 775 cuius
596 712 680 775 haee
694 712 797 775 habet
811 712 877 774 lex,
895 709 990 776 Cant.
1009 711 1052 796 μη
1069 701 1153 774 crica
1168 711 1254 794 diury.-
1276 709 1407 795 Δημη-

244 838 355 894 τριος
377 809 395 878 ὃ
419 812 629 897 Φαληρεύς
657 815 762 889 ἐνίους
784 813 869 895 λέγει
889 818 956 878 τῶν
977 823 1176 898 κρινομένων
1197 821 1408 896 κακοτεχνεῖν

244 925 312 986 τοῖς
341 916 510 981 διώκουσιν
537 914 834 1000 άντιλαγχάνοντας
862 915 921 1000 τὴν
948 915 991 1000 μὴ
1020 905 1142 982 οὖσαν·
1167 917 1219 980 δεῖ
1240 917 1302 999 γάρ
1331 916 1408 990 τούς

242 1018 324 1100 ὑπὲρ
348 1021 425 1085 δέκα
435 1017 438 1029 ’
448 1020 594 1102 δραχμὰς
616 1017 903 1104 ἀμφισβητοῦντας
919 1019 1085 1104 διαιτητάς
1100 1021 1146 1096 εἰς
1162 1020 1252 1105 δίκην
1267 1019 1407 1103 ἑκάστην

244 1124 445 1208 λαμβάνειν·
468 1122 517 1186 διὸ
546 1126 601 1186 καλ
624 1122 727 1186 ἔκειτο
752 1122 852 1205 νόμος
873 1122 916 1206 μη
940 1123 1135 1205 εἰσάγεσθαι
1168 1123 1267 1208 δίκην,
1302 1123 1332 1185 εἰ
1363 1119 1406 1206 μη

244 1227 404 1310 πρότερον
426 1229 617 1310 ἐξετασθείη
641 1227 716 1311 παρ’
741 1221 851 1300 αὐτοῖς
873 1225 911 1289 τὸ
934 1231 1093 1308 πρᾶγμα.
1109 1272 1142 1289 ..
1164 1228 1269 1291 verba
1284 1227 1328 1290 ad
1342 1229 1407 1309 pri-

243 1334 340 1394 vatos
363 1331 525 1394 diaetetas
547 1332 748 1412 pertinentia
775 1332 848 1393 sine
870 1329 973 1393 dubio
997 1337 1074 1393 sunt
1097 1332 1167 1395 eius
1190 1331 1407 1413 grammatIci,

244 1435 301 1514 qui
323 1433 420 1495 huius
442 1434 509 1496 loci
532 1435 724 1497 testimonia
747 1435 915 1516 congessit
937 1433 1139 1514 (Didymii).

773 1655 788 1727 §
813 1647 874 1712 128

327 1809 437 1890 Prope
471 1806 515 1870 ad
548 1805 675 1867 nullum
709 1804 809 1867 aliam
838 1805 1048 1887 publicarum
1076 1823 1188 1867 rerum
1220 1805 1406 1867 Atticarum

242 1915 372 1993 partem
406 1913 455 1972 tot
487 1909 569 1972 boni
604 1909 794 1990 vetustique
832 1912 986 1972 auctores
1020 1910 1217 1971 nominatim
1253 1908 1405 1992 citantur,

243 2032 344 2094 quam
368 2011 411 2075 ad
433 2012 520 2073 hanc
543 2010 586 2073 de
608 2007 739 2091 κύρβεσι
762 2014 795 2071 et
818 2004 911 2084 ἄξοσι
934 2011 1175 2092 quaestionem.
1219 2010 1279 2073 sed
1303 2030 1405 2092 quam

242 2135 383 2198 pervum
405 2114 484 2177 iude
512 2115 655 2176 fructum
684 2114 865 2195 caplamus,
894 2113 993 2176 facile
1020 2113 1205 2196 intelleges,
1235 2115 1263 2175 si
1291 2114 1404 2176 memi-

242 2220 331 2280 neris
354 2218 451 2280 huius
475 2217 742 2279 testimoniorum
771 2217 888 2297 copiae
917 2235 1054 2279 causam
1083 2234 1157 2279 esse
1186 2234 1261 2279 eam
1287 2217 1405 2298 ipsam,

244 2321 423 2403 quodiam
445 2318 752 2382 Alexandrinorum
775 2320 982 2401 temporibus
1010 2320 1061 2382 his
1090 2319 1133 2382 de
1154 2319 1256 2382 rebus
1279 2318 1404 2381 dissen-

243 2424 395 2486 tiebatur.

326 2544 379 2606 De
401 2540 524 2617 δέλτοις
547 2560 624 2604 cum
651 2542 881 2624 lexicographi
911 2545 1041 2604 tantum
1070 2543 1255 2625 simplicem
1284 2541 1404 2624 signifi·

242 2649 409 2710 sationem
438 2645 670 2727 „pugillares“
698 2647 879 2727 proferant,
907 2646 1228 2722 nullumhabemus
1258 2646 1404 2708 testimo-

242 2751 343 2831 nium,
367 2748 458 2830 quod
482 2766 558 2810 cum
571 2747 733 2810 Polluceo
755 2753 977 2830 comparetur,
999 2767 1111 2831 neque
1128 2747 1401 2811 arcceuticribus

242 2853 425 2934 quidquam
446 2852 512 2915 hcc
535 2851 577 2914 de
599 2851 736 2913 nomine
759 2851 957 2914 adnotatum
979 2853 1121 2934 repperi.

326 2988 426 3072 Quod
449 2988 492 3050 ad
520 2986 647 3068 κύρβεις
669 2992 703 3049 et
725 2983 844 3061 ἄξονας
867 2989 995 3070 attinet,
1025 2989 1146 3069 statim,
1174 2988 1201 3049 si
1230 2993 1403 3050 auctorem

241 3092 441 3174 quaerimus,
463 3091 633 3152 mittamus
653 3089 878 3172 Aristotelem,
902 3110 978 3153 cum
1000 3091 1055 3152 hic
1076 3090 1206 3152 nullum
1229 3090 1404 3172 agnoverit

241 3196 427 3257 discrimen.
472 3197 643 3274 postrema
670 3193 775 3255 verba
803 3193 893 3256 unde
921 3195 1140 3274 manaverint,
1171 3192 1329 3255 discimus
1359 3209 1402 3254 ex

239 3299 340 3378 Harp.
363 3291 380 3359 ὁ
403 3293 557 3357 κάτωθεν
578 3293 693 3377 νόμος,
724 3297 780 3377 qui
806 3297 894 3357 inter
921 3297 1031 3358 varias
1058 3295 1227 3376 Didymi
1256 3295 1402 3370 explica-

241 3404 348 3463 tiones
373 3399 460 3460 hanc
489 3415 625 3479 quoqne
651 3398 790 3478 profert:
819 3391 839 3480 ἢ
867 3399 949 3474 ἐπεί,
978 3416 1068 3480 φησι,
1096 3394 1172 3470 τοὺς
1200 3391 1319 3470 ἄξονας
1347 3398 1403 3458 καὶ

240 3501 314 3575 τοὺς
336 3500 461 3582 κύρβεις
484 3495 618 3564 άνωθεν
646 3502 681 3562 ἐκ
710 3503 765 3583 τῆς
793 3497 1003 3580 ἀκροπόλεως
1033 3498 1079 3573 εἰς
1105 3495 1143 3560 τὸ
1172 3497 1403 3581 βουλευτήριον

240 3608 294 3669 καλ
316 3601 374 3687 τὴν
396 3599 520 3684 ἀγοράν
540 3609 735 3685 μετέστησεν
750 3598 932 3686 Ἐφιάλτης,
956 3598 998 3676 ὥς
1020 3619 1120 3684 φησιν
1137 3598 1347 3683 Ἀναξιμένης
1365 3603 1402 3662 έν

241 3708 459 3780 Φιλιππικοῖς.
503 3708 538 3768 in
572 3725 612 3770 eo
647 3711 777 3770 tantum
804 3706 928 3769 Pollux
961 3706 1080 3788 differt,
1114 3705 1204 3787 quod
1234 3705 1400 3784 Didymus

238 3807 469 3893 devicerimus
489 3811 650 3892 nominat,
672 3811 726 3871 hic
749 3814 956 3889 πρυτανεῖον,
980 3827 1047 3890 qna
1070 3807 1113 3870 de
1134 3826 1172 3869 re
1192 3809 1277 3869 infra
1293 3827 1399 3890 agam.

241 3914 283 3978 de
310 3912 587 3995 praecedentibus
621 3912 706 3974 haec
735 3911 815 3974 dicit
840 3911 961 3974 Rohde
995 3911 1087 3989 (loco
1115 3915 1184 3972 not.
1216 3909 1231 3971 1
1262 3910 1398 3973 laudato

239 4039 271 4099 p.
297 4015 350 4094 17)
372 4015 547 4078 Pollucem
569 4033 638 4077 nun
661 4031 794 4095 semper
808 4014 1066 4097 Aristophanem
1084 4013 1282 4093 Byzantium
1306 4030 1399 4074 secu-

168 4116 172 4122 ’
240 4125 310 4183 tum
334 4137 407 4182 esse
429 4118 644 4200 probaturus:
668 4115 815 4199 ,μύρβεις
838 4116 1123 4199 quadrangulares
1139 4116 1240 4177 brisso
1254 4133 1400 4195 pronun·

240 4225 380 4286 tiaverat
400 4222 641 4304 Aristophanes
670 4224 716 4302 [p.
740 4218 802 4282 219
825 4223 907 4303 sq),
937 4220 1157 4302 triangulares
1186 4219 1286 4280 fuisse
1315 4220 1399 4282 affir-

239 4331 309 4389 mat
329 4325 452 4389 Pollux
473 4325 552 4386 VIII
577 4321 646 4404 128,
667 4323 923 4387 Eratosthenem
947 4327 994 4406 (p.
1010 4319 1069 4386 211
1095 4322 1231 4399 Bemh.)
1255 4327 1400 4403 secutus,

240 4430 333 4492 cuius
356 4428 543 4493 doctrinam
564 4443 658 4490 more
680 4444 741 4489 suo
762 4428 961 4509 propagavit
975 4425 1143 4506 Didymus
1166 4425 1221 4502 (ef.
1241 4424 1399 4488 Schmidt.

238 4532 314 4595 Did.
337 4551 369 4613 p.
393 4529 460 4612 59),
490 4529 579 4593 unde
607 4531 641 4591 in
663 4528 868 4608 Hesychium
889 4530 1045 4591 Photium
1075 4528 1158 4589 ahos
1187 4530 1317 4590 transiit
1342 4529 1399 4606 (cl.
