3194 5136
615 1086 849 1214 Caput
885 1089 921 1184 I

639 1455 640 1460 ¹
688 1433 702 1504 ξ
726 1425 862 1490 85-91

276 1594 455 1660 Praeclare
477 1597 520 1660 (16
550 1601 621 1660 tota
648 1599 712 1661 hac
735 1602 830 1678 parte
860 1600 1017 1680 exposuit
1037 1599 1129 1662 Rosa
1157 1620 1190 1680 p,
1213 1597 1277 1661 426
1300 1618 1360 1681 sq,

194 1702 287 1763 cuius
302 1717 413 1782 paene
429 1700 566 1782 singulis
589 1700 701 1764 verbis
717 1701 902 1764 subscribo,
938 1700 1019 1763 inde
1035 1718 1085 1782 ea,
1110 1718 1198 1782 quae
1213 1701 1361 1764 maxime

193 1803 236 1866 ad
258 1802 434 1865 Pollucem
455 1803 592 1885 faciunt,
615 1803 699 1867 libet
715 1821 896 1885 apponere.
928 1804 1148 1885 „archontum
1171 1803 1360 1865 Atticorum

192 1921 448 1986 munerumque,
479 1922 566 1986 quae
596 1910 629 1966 et
658 1906 808 1970 omnium
838 1909 950 1990 essent
986 1905 1208 1970 communiter
1235 1909 1268 1969 et
1296 1905 1360 1967 sirr-

193 2007 348 2090 gulorum
385 2007 635 2090 recensionem,
676 2027 743 2089 qua
776 2009 868 2089 apud
900 2008 1076 2072 Pollucem
1109 2026 1270 2070 excursus
1302 2006 1360 2068 ille

192 2109 414 2174 introducitur
429 2109 472 2172 de
486 2110 734 2192 magistratibus
749 2110 879 2192 Atticis,
895 2127 972 2173 eam
986 2110 1046 2172 uni
1056 2109 1229 2174 Aristoteli
1244 2109 1361 2172 deberi

192 2217 309 2294 totam,
331 2212 411 2275 licet
431 2214 480 2274 ita
502 2213 544 2277 ab
569 2217 706 2276 auctore
730 2230 797 2295 quo
820 2213 944 2276 Pollux
966 2231 1046 2276 usus
1070 2216 1121 2276 est
1144 2213 1212 2291 [vel
1228 2213 1270 2278 ab
1286 2214 1360 2294 ipso

192 2315 345 2393 Polluce]
375 2316 410 2376 111
439 2315 574 2378 brevius
611 2320 817 2379 contractam
855 2320 892 2378 ut
919 2319 1054 2396 praeter
1088 2316 1154 2378 alia
1184 2334 1360 2381 causarum
1427 2379 1429 2384 .

193 2418 405 2481 definitiones
428 2417 470 2480 ab
492 2419 674 2486 Aristotele
696 2419 831 2482 additae
854 2419 997 2482 omissae
1026 2420 1101 2501 sint,
1129 2418 1164 2481 id
1185 2420 1214 2480 si
1234 2419 1359 2482 lexico-

193 2521 397 2606 graphorum
428 2521 534 2583 verba
564 2522 691 2602 passim
732 2522 919 2584 consimilia
952 2525 1055 2602 atque
1093 2521 1216 2586 eodem
1247 2537 1360 2582 rerum

193 2623 311 2689 ordine
344 2622 476 2704 prolata
508 2625 724 2704 maximeque
756 2623 1060 2705 Harpocrationem
1102 2624 1359 2705 comparaveris

193 2729 251 2810 qui
265 2725 452 2806 Didymum
467 2726 536 2788 fere
552 2727 712 2809 seqnitur,
727 2726 1078 2804 facileconcesserish
1116 2731 1218 2806 atque
1234 2726 1360 2806 optime

178 2831 228 2892 'in
255 2830 319 2892 hac
346 2846 384 2890 re
405 2827 583 2909 probanda
610 2829 702 2891 Rosa
730 2845 871 2891 munere
899 2846 959 2891 suo
989 2829 1123 2890 functus
1147 2832 1205 2890 cst.
1241 2824 1359 2889 nihilo·

193 2933 313 3013 nrinus,
336 2949 380 2994 ne
397 2931 478 3013 quid
494 2931 614 2994 deesse
629 2931 784 2994 videatur
798 2931 876 2994 huic
890 2930 1018 3012 libello,
1042 2930 1135 2992 cuius
1150 2929 1360 3011 propositum

195 3040 245 3098 cst
266 3033 444 3098 Polluceas
469 3034 583 3115 copias
606 3033 650 3096 ad
672 3053 771 3097 snum
787 3051 958 3116 quamque
974 3037 1147 3096 auctorem
1164 3050 1265 3113 quam
1288 3030 1360 3092 fieri

194 3142 306 3220 potest
334 3138 518 3200 certissime
545 3138 669 3199 referre
699 3141 733 3200 et
761 3155 838 3199 cum
867 3137 1059 3200 etiamnunc
1082 3139 1169 3216 sunt,
1200 3135 1257 3216 qui
1277 3133 1361 3195 nihil

194 3242 258 3305 hac
281 3239 324 3307 de
351 3256 388 3301 re
412 3241 639 3321 comperuisse
668 3239 857 3322 videantur,
885 3241 958 3320 ipsc
987 3255 1125 3321 quoque
1152 3237 1360 3318 reliquorum

194 3342 489 3427 grammaticorum
517 3342 719 3424 testimonia,
749 3358 837 3423 qnae
866 3342 1003 3424 quidem
1033 3341 1168 3403 maioris
1197 3339 1357 3402 moment¹

194 3447 259 3510 sint
282 3443 325 3507 ad
346 3444 440 3507 illam
456 3445 651 3525 opinionem
666 3444 912 3528 stabiliendam,
934 3445 1082 3510 Pollucis
1099 3444 1251 3510 ordinem
1266 3460 1360 3506 secu-

194 3553 247 3611 tus
275 3547 413 3611 afferam
444 3551 491 3628 et,
529 3548 558 3610 si
586 3565 653 3630 qua
681 3553 858 3631 praeterea
887 3548 1021 3611 habebo
1051 3546 1095 3610 ad
1123 3545 1361 3610 delineandam

192 3651 359 3716 rationem
381 3650 416 3711 111
441 3650 670 3714 exscribendis
693 3651 884 3715 Aristotelis
906 3649 1071 3714 thesauris
1094 3669 1115 3712 a
1135 3648 1275 3712 Polluce
1304 3647 1361 3710 ob-

194 3757 371 3834 servatam,
394 3752 480 3817 haec
502 3751 634 3818 addam.

279 3855 399 3924 Mirum
421 3855 457 3922 in
471 3853 611 3917 modum
628 3853 756 3918 orditur
770 3855 908 3920 Pollux:
933 3856 1101 3936 ἀρχόντων
1114 3849 1362 3938 τῶνἊθήνησιν

193 3955 343 4038 ὀνόματα
367 3955 400 4020 οἱ
420 3958 517 4020 ἐννέα
540 3951 703 4037 ἄρχοντες.
740 3958 811 4022 noli
827 3959 916 4022 enim
930 3963 1050 4040 putare
1067 3953 1234 4044 ἀρχόντων
1250 3954 1362 4042 (voca-

194 4061 313 4126 bulum
334 4062 369 4124 in
392 4060 556 4143 principio
582 4064 717 4123 exstans
734 4059 824 4146 dieo)
847 4061 1022 4124 notionem
1044 4061 1098 4122 hic
1112 4061 1212 4122 latius
1234 4064 1361 4141 patere,

194 4169 233 4227 ut
254 4164 441 4246 generatim
462 4162 675 4244 magistratus
700 4164 873 4245 significet,
898 4168 931 4226 et
953 4165 1017 4226 h'oc
1034 4163 1244 4226 enuntiatum
1267 4163 1363 4246 quasi

194 4267 407 4349 prooemium
430 4282 504 4328 esse
527 4266 734 4347 insequentis
762 4267 1016 4350 magistratuum
1038 4266 1226 4330 Atticorum
1247 4281 1361 4327 recen-

196 4370 309 4452 sioniS,
334 4370 427 4431 cuius
450 4373 583 4459 partem
604 4369 747 4450 primam
771 4369 917 4432 efficiant
939 4366 972 4430 οἱ
986 4369 1083 4432 ἐννέα
1106 4363 1270 4446 ἄρχοντες.
1301 4365 1361 4429 sed

187 4489 290 4535 »mera
319 4476 369 4535 est
396 4470 601 4546 ναννολονία.
647 4471 813 4555 similiter,
847 4489 1053 4554 quamquam
1086 4469 1137 4534 ibi
1163 4489 1234 4535 non
1260 4471 1363 4553 plane
