3180 5136
690 399 841 498 —ov—

184 608 366 688 scripsisse.
410 609 443 670 in
473 609 667 670 universnm
693 606 793 687 igitur
815 607 994 668 averitate
1016 624 1085 669 non
1108 605 1347 689 aberrabimus,

184 711 212 773 si
235 715 420 774 statuemus
444 710 574 792 eadem,
598 728 686 791 quae
706 727 796 772 nunc
810 710 845 771 in
860 710 1085 790 peculiaribus
1098 710 1217 792 glossis
1232 711 1346 794 legun-

185 817 247 894 tur,
270 814 351 877 olim
374 813 475 876 etiarn
497 815 531 875 in
553 812 735 876 maioribus
759 812 936 894 exstitisse,
959 812 1030 874 sive
1052 813 1131 876 illae
1146 832 1236 876 nuno
1250 805 1347 876 nimis

185 920 378 979 contractae
400 916 454 979 vel
476 917 651 979 mutilatae
676 920 753 979 sunt
780 917 851 979 sive
879 916 981 997 plane
1008 917 1213 980 interierunt.
1260 935 1347 999 quae

185 1038 261 1082 cum
292 1021 340 1083 ita
378 1021 458 1101 sint,
495 1020 796 1102 quotienscumque
829 1019 976 1100 singulas
1010 1023 1122 1100 partes
1160 1020 1345 1102 longiorum

182 1123 329 1186 Pollucis
359 1123 626 1186 testimoniorum
656 1140 732 1185 cum
753 1122 914 1202 Hesychii
942 1123 1060 1204 glossis
1088 1139 1158 1184 non
1186 1120 1229 1184 ad
1256 1122 1347 1186 idem

182 1225 317 1310 lemma,
341 1225 384 1288 ad
407 1226 498 1309 quod
517 1229 605 1288 totus
620 1226 767 1289 Pollucis
781 1225 888 1307 locus,
912 1224 1140 1306 spectantibus
1156 1227 1347 1306 conspirare
1438 1225 1440 1232 ’

182 1327 382 1412 videbimus,
405 1328 656 1393 confirmabitur
677 1346 755 1391 mea
777 1328 819 1390 de
840 1328 982 1391 Polluce
1003 1328 1247 1410 Pamphiloque
1273 1348 1346 1394 sen·

183 1433 296 1494 tentia.
341 1433 389 1495 sio
411 1433 439 1496 si
461 1432 621 1513 Hesychii
649 1432 777 1514 glossas
799 1428 898 1513 Πνύξ,
926 1428 1023 1504 ξύλον
1045 1433 1184 1513 πρῶτον,
1216 1430 1347 1511 ψιάθια

186 1537 428 1617 componimus,
458 1553 569 1617 paene
596 1537 704 1616 ipsum
735 1534 908 1598 Pollucem
939 1537 970 1612 (§
996 1531 1056 1596 132
1080 1537 1144 1615 sq.)
1172 1534 1346 1618 habemus,

185 1638 294 1701 ethic
317 1639 489 1702 certeilla
516 1640 550 1701 in
578 1657 647 1700 una
675 1631 786 1720 glossa
816 1637 959 1700 collecta
985 1637 1121 1699 invenit.
1166 1637 1228 1700 sed
1256 1639 1347 1721 apud

181 1741 389 1822 Hesychinm
410 1743 518 1804 maior
540 1741 652 1824 glossa
674 1740 716 1803 ab
733 1740 992 1821 excerpentibus
1007 1740 1161 1803 mutilata
1175 1745 1235 1823 est,
1259 1741 1346 1806 duae

183 1845 329 1908 minores
350 1846 502 1927 integrae
525 1844 568 1907 ad
589 1862 652 1908 nos
673 1847 908 1925 pervenerunt.
933 1879 972 1890 -
998 1843 1101 1924 00010
1125 1843 1346 1908 confidentius

184 1947 325 2010 eandem
348 1966 420 2011 rem
442 1951 590 2010 statuere
610 1943 1265 2030 0000010001ος113(κρηνοφυλάκιον),
1288 1949 1347 2014 0111

183 2050 331 2114 diversas
348 2069 402 2114 res
418 2052 615 2114 coniunctas
631 2054 664 2112 et
677 2049 877 2132 particulam
893 2045 928 2110 δέ
942 2048 1031 2110 01010
1045 2048 1200 2131 positam,
1223 2049 1347 2115 deinde

183 2153 266 2217 duas
288 2155 398 2217 Photii
427 2155 556 2236 glossas
584 2157 699 2235 aperte
727 2156 839 2235 partes
870 2152 971 2214 totius
992 2150 1060 2216 loci
1083 2168 1158 2214 esse
1178 2153 1213 2214 in
1237 2155 1348 2235 0001

181 2256 335 2320 vidimus.
366 2258 419 2319 hic
441 2259 469 2320 01
492 2258 671 2340 quaeritur,
693 2262 806 2319 utrum
827 2255 951 2317 Pollux
971 2255 1044 2336 ipse
1066 2255 1194 2337 glossas
1215 2256 1290 2320 illas
1312 2259 1346 2320 in

181 2379 285 2422 unam
315 2362 540 2443 composuerit
570 2381 612 2424 an
640 2362 709 2423 iam
738 2359 940 2440 compositas
969 2358 1149 2440 invenerit,
1178 2362 1346 2440 posterius

182 2481 299 2526 verum
322 2481 396 2526 0000
417 2464 515 2527 100110
536 2463 751 2545 intellegitur.
796 2479 908 2543 neque
938 2461 1026 2524 enim
1055 2462 1190 2524 omnino
1215 2466 1346 2546 excogi-

182 2567 244 2628 tari
258 2571 379 2649 potest,
403 2566 572 2648 quomodo
588 2565 721 2647 Pollux,
745 2565 773 2628 01
786 2565 859 2645 1000
873 2564 948 2626 illas
964 2564 1092 2646 glossas
1108 2566 1346 2650 coniunxisset,

182 2670 287 2734 verba
302 2671 339 2732 ἐν
354 2675 424 2744 ταῖς
438 2705 481 2716 --
497 2669 600 2743 δίκαις
623 2673 691 2730 1001
713 2668 804 2730 10010
825 2684 895 2728 000
918 2666 961 2728 ad
983 2662 1042 2730 τὸν
1063 2662 1119 2749 ἐφ’
1142 2661 1237 2751 ὕδωρ,
1261 2671 1347 2734 01001

181 2773 271 2856 apud
293 2774 450 2838 Photium
473 2777 533 2855 est,
556 2772 616 2836 sed
639 2771 683 2834 ad
705 2767 939 2854 κρηνοφύλακα
961 2769 1126 2834 relaturus
1149 2772 1256 2836 fuerit.
1286 2774 1344 2836 ita-

182 2895 248 2958 que
269 2877 383 2942 locum
404 2877 471 2940 iam
493 2876 717 2957 compositum
744 2873 908 2956 repperit3
935 2871 971 2934 id
1001 2872 1255 2938 concedendum
1285 2878 1347 2940 erit

181 2982 321 3044 fortasse
343 2981 437 3044 nulla
458 2979 623 3061 particula
645 2977 711 3057 (δέ)
744 2977 884 3040 alteram
911 2974 987 3038 loci,
1006 2980 1138 3057 partem
1165 2977 1261 3042 alteri
1289 2980 1345 3042 ad-

180 3084 329 3146 iunctam
357 3084 468 3146 fuisse.
513 3087 615 3165 atque
642 3082 707 3145 hoc
737 3098 778 3143 eo
814 3079 943 3142 10011100
977 3083 1124 3142 statuere
1156 3099 1345 3165 possumus,

182 3186 274 3267 quod
295 3204 414 3249 revera
433 3205 488 3249 res
510 3185 603 3249 nullo
626 3187 714 3250 iusto
737 3183 872 3246 vinculo
897 3183 1119 3246 continentur.
1150 3184 1211 3246 sed
1225 3185 1344 3248 hucus-

182 3307 248 3370 que
269 3289 426 3352 Photium
449 3308 525 3352 curn
547 3289 687 3352 Polluce
710 3287 988 3369 comparavimus,
1017 3290 1134 3368 utpote
1161 3288 1217 3369 qui
1240 3289 1344 3350 mani-

181 3391 266 3454 festo
290 3409 365 3454 cum
387 3394 452 3456 hcc
476 3392 731 3473 conspiraverit3
759 3407 849 3453 nunc
878 3389 922 3452 ad
943 3389 1149 3469 Hesychium
1177 3407 1241 3452 nos
1268 3409 1344 3454 con-

181 3498 359 3557 vertamus.
389 3494 443 3556 hic
464 3515 495 3556 v.
519 3490 743 3577 κρηνοφύλαξε
767 3485 784 3555 ὁ
807 3489 866 3576 τὴν
887 3490 1005 3574 κρήνην
1027 3489 1207 3574 φυλάσσων
1228 3511 1346 3556 000000

181 3597 263 3660 nihil
285 3596 376 3660 aliud
398 3595 511 3678 habet,
545 3615 645 3677 quam
675 3594 767 3678 quod
794 3595 829 3657 in
856 3594 949 3656 initio
978 3593 1112 3676 Pollux,
1144 3595 1275 3679 reliqua
1302 3598 1344 3660 ab

180 3701 229 3783 iis,
252 3700 309 3781 qui
330 3699 545 3781 Pamphilum
567 3699 602 3762 in
625 3699 788 3780 epitomes
811 3698 953 3760 formam
974 3695 1186 3779 redegerunt,
1214 3705 1345 3762 resecta

181 3809 267 3866 sunt.
311 3803 452 3866 sortasse
479 3801 667 3882 Hesychius
701 3801 922 3883 principalem
950 3799 1083 3881 glossae
1109 3801 1249 3864 sormam
1279 3821 1344 3866 ser-

180 3907 280 3988 vavit,
292 3924 352 3988 pro
366 3924 433 3987 qna
445 3905 669 3987 explicatione
679 3906 794 3968 rhetor
805 3922 901 3968 suam
912 3902 1089 3968 substituit.
1116 3902 1252 3966 sedhoc
1264 3907 1345 3969 nihil

180 4014 296 4074 nostra
315 4009 462 4072 interest.
496 4025 709 4071 communem
734 4026 810 4070 curn
824 4007 944 4074 Photio
962 4007 1124 4088 originem
1141 4025 1344 4090 quemquam

181 4111 388 4194 aliquantum
412 4111 624 4175 obscuratam
642 4109 758 4173 licebit
774 4111 874 4172 etiam
888 4111 923 4172 in
940 4109 1046 4171 altera
1060 4107 1219 4189 Hesychii
1234 4111 1346 4192 glossa

181 4211 236 4298 ἐφ’
260 4208 346 4296 ὕδωρ
369 4211 495 4295 laprio:
519 4211 673 4294 λαγχάνει
694 4235 742 4288 τις
762 4207 849 4294 ὕδωρ
878 4209 1116 4296 παρανηρὴσων
1143 4208 1181 4272 τὸ
1210 4213 1246 4274 ἐν
1273 4220 1345 4288 ταῖς

182 4317 284 4392 δίκαις
313 4333 506 4400 agnoscere.
552 4317 640 4379 hanc
666 4316 813 4398 glossam
842 4333 909 4379 non
936 4314 980 4378 ad
1001 4313 1180 4396 proverbia
1202 4307 1260 4376 εἶτ’
1286 4311 1342 4397 ἐφ’

181 4413 266 4501 ὕδωρ
289 4421 388 4482 κακόν
412 4415 539 4498 (κακός)
565 4422 598 4482 01
619 4415 676 4502 ἐφ’
697 4412 782 4500 ὕδωρ
799 4416 914 4499 ἔλαχεν
930 4415 1142 4498 declaranda,
1165 4420 1202 4478 01
1215 4417 1344 4500 volunt,

181 4523 358 4604 pertinere,
383 4523 563 4586 0111101010
587 4523 829 4604 explicationes
850 4523 883 4584 in
899 4521 1069 4583 Plutarchi
1089 4518 1244 4601 proverb.
1260 4520 1291 4582 Π
1305 4519 1344 4583 17

1142 4640 1157 4691 7
