3180 5136
759 397 910 498 —so-

251 603 436 687 praestare)
458 605 723 686 intellegendum
746 608 796 689 sit,
827 625 894 688 qua
916 609 988 672 siue
1011 607 1114 670 dubio
1143 608 1177 669 in
1199 608 1263 670 hac
1285 626 1323 670 re
1344 608 1414 669 Ari-

251 706 390 768 stoteles
427 708 476 771 uti
517 725 587 771 non
629 713 778 791 poterat,
820 714 954 791 poterat
996 710 1138 772 sortasse
1180 710 1416 792 grammaticus

252 807 323 871 eius
350 809 455 872 verba
481 828 551 874 non
581 829 657 873 cum
685 811 754 874 fide
781 812 937 875 reddens.
981 813 1204 894 insequentia,
1228 811 1415 893 dequibus

251 915 352 973 antea
374 910 452 994 dixi,
477 918 567 978 certa
589 914 778 978 Aristotelis
801 933 870 978 non
893 919 980 993 sunt,
1005 932 1106 996 quem
1129 914 1172 977 ob
1195 915 1296 978 lexici
1319 912 1416 978 (lant.

251 1013 533 1096 testimonium⁶⁴)
555 1017 604 1079 ita
625 1018 695 1080 fere
717 1019 889 1099 scripsisse
903 1016 1119 1080 statuendum
1142 1020 1202 1100 est,
1226 1021 1262 1079 ut
1275 1017 1416 1080 Photius

251 1114 368 1178 habet:
396 1122 528 1197 captat:
635 1117 697 1181 stul
726 1118 761 1181 ll
789 1121 847 1182 aul
875 1114 1110 1198 ἄλλοιιαμίαι
1138 1113 1292 1199 ἄρχοντες
1313 1139 1417 1198 χειρο-

249 1221 379 1301 τονητοὶ
406 1220 462 1282 ἐπὶ
488 1219 549 1294 τὰς
576 1219 667 1304 ἱερὰς
695 1223 751 1284 καὶ
779 1221 936 1304 δημοσίας
963 1219 1114 1303 τριήρεις,
1144 1215 1161 1284 ὁ
1184 1225 1246 1300 μὲν
1273 1221 1330 1282 ἐπὶ
1357 1218 1417 1302 τὴν

250 1317 412 1400 πάραλον,
436 1319 454 1385 ὁ
478 1322 512 1384 δὲ
533 1324 589 1385 ἐπὶ
611 1320 670 1407 τὴν
699 1325 755 1386 τοῦ
770 1321 937 1408 Ἄμμωνος
967 1324 1085 1405 [etiam
1111 1313 1351 1407 praecedentia
1374 1341 1418 1386 ex

251 1421 433 1488 Aristotele
456 1425 649 1510 fluxerunt).

728 1624 743 1696 t
769 1615 944 1680 ιιι-12]

336 1753 570 1838 Paragraphos
601 1753 779 1818 117-124
807 1774 875 1819 uno
912 1760 1030 1819 tencre
1059 1775 1080 1817 a
1106 1754 1247 1818 Polluce
1276 1769 1295 1815 e
1323 1753 1417 1815 fonte

250 1873 311 1919 suo
335 1856 519 1940 descriptas
543 1876 617 1922 csse
641 1877 775 1942 censeo,
802 1859 837 1922 id
861 1863 991 1921 tantum
1020 1855 1183 1939 conced0,
1212 1872 1417 1938 quamquam

250 1959 332 2020 mihi
359 1961 470 2023 minus
497 1961 678 2024 verisimile
705 1952 848 2044 videtur,
878 1979 956 2024 eum
986 1962 1128 2024 fortasse
1155 1961 1190 2022 iu
1218 1959 1286 2022 fine
1314 1962 1329 2034 5
1354 1953 1413 2019 121

251 2059 389 2126 desiisse
412 2063 597 2146 etreliqua
620 2082 662 2131 ex
686 2065 751 2127 alio
775 2065 876 2128 fontis
904 2065 956 2128 sui
985 2065 1063 2126 loco
1093 2063 1283 2144 sumpsisse.
1329 2061 1416 2142 prin-

252 2165 374 2246 cipium
398 2167 498 2229 totius
520 2167 587 2230 loci
610 2171 643 2230 et
657 2168 759 2230 finem
782 2167 862 2230 satis
877 2165 1021 2230 fideliter
1035 2165 1168 2230 videtur
1184 2164 1415 2245 descripsisse:

252 2284 339 2347 quae
360 2268 407 2332 ibi
429 2269 514 2331 falsa
535 2269 828 2352 deprehendimus,
851 2287 893 2332 ea
913 2270 1024 2352 potius
1048 2269 1177 2331 auctori
1200 2268 1271 2330 eius
1294 2269 1417 2332 tribua·

250 2389 334 2432 mus.
380 2375 414 2433 at
435 2373 469 2434 in
492 2371 604 2434 medio
629 2376 661 2452 (§
685 2351 878 2450 1'21-122)
903 2354 1106 2435 dormitabat
1127 2371 1278 2453 prolecto
1293 2367 1418 2432 Pollux

250 2471 306 2534 vel
316 2473 415 2536 nimis
426 2474 606 2537 festinabat
623 2476 678 2551 (cl.
692 2477 763 2538 eius
775 2476 1019 2557 praefationem
1032 2474 1074 2538 ad
1092 2474 1149 2537 lib,
1166 2474 1271 2556 VIH),
1290 2474 1353 2536 etsi
1363 2472 1418 2534 hic

252 2592 388 2656 quoque
411 2575 502 2640 haud
526 2576 627 2640 dubie
651 2577 818 2659 quaedam
842 2579 971 2641 auctori
995 2582 1092 2640 erunt
1114 2575 1326 2660 assignanda,
1356 2574 1416 2637 sed

251 2680 438 2742 accuratius
470 2680 536 2743 hac
570 2679 699 2743 definiri
734 2682 862 2763 nequit.
918 2685 970 2743 sat
1002 2681 1109 2743 multa
1146 2681 1210 2742 viri
1243 2679 1333 2742 docti
1372 2676 1416 2740 de

249 2780 415 2861 primibus
437 2783 663 2866 paragraphis,
692 2783 752 2846 ubi
780 2782 824 2846 de
853 2783 1051 2865 capitalibus
1080 2783 1262 2846 dicasteriis
1287 2780 1416 2868 disseri·

251 2887 313 2965 tur,
337 2883 600 2968 disputavemnt,
622 2886 786 2967 plerique,
809 2891 846 2948 ut
868 2887 949 2949 mihi
973 2887 1109 2968 quidem
1131 2885 1274 2967 videtur,
1296 2904 1416 2967 parum

249 2991 350 3049 recte.
380 2987 501 3050 horum
524 2989 700 3069 opiniones
723 3007 856 3071 semper
877 2989 995 3052 afferre
1017 2989 1099 3052 nihil
1123 2987 1295 3070 attinebat,
1318 2987 1417 3051 facile

249 3090 481 3170 unnsquisque
504 3107 561 3152 eas
585 3108 661 3152 cum
683 3093 766 3154 meis
788 3092 913 3172 poterit
935 3109 1140 3173 comparare.
1171 3091 1320 3152 manavit
1334 3106 1415 3151 vero

250 3194 351 3272 totus,
375 3210 475 3273 quem
499 3211 600 3274 supra
615 3194 867 3275 circumscripsi,
891 3194 985 3257 locus
1007 3194 1129 3275 partim
1146 3193 1415 3274 eperipateticis,

249 3295 371 3374 partim
411 3311 454 3356 ex
486 3293 662 3358 Atthidum
701 3296 933 3378 scriptoribus,
973 3297 1095 3378 partim
1129 3313 1148 3358 e
1181 3295 1415 3378 grammaticis.

250 3396 356 3459 multa
383 3397 474 3460 unde
503 3399 666 3480 originem
695 3398 869 3481 duxerint,
897 3417 988 3460 nunc
1015 3415 1060 3460 ne
1089 3398 1251 3479 suspicari
1280 3395 1418 3478 quidem

249 3499 337 3561 licet.
369 3500 460 3581 quod
483 3505 596 3564 autem
621 3501 663 3564 de
677 3506 774 3584 parte
787 3502 887 3564 huius
907 3502 975 3563 loci
996 3518 1105 3582 nuper
1119 3500 1288 3581 prolatum
1312 3496 1416 3574 est⁶⁶)

251 3603 366 3684 „scine
394 3602 580 3686 Aussagen,
608 3619 662 3668 wo
693 3605 741 3667 sie
771 3621 840 3667 von
869 3603 947 3667 dem
976 3601 1195 3684 auderweitig
1223 3602 1417 3701 Bezeugten

254 3705 461 3787 abweichen,
486 3706 569 3769 oder
590 3711 685 3770 scnst
705 3708 798 3769 nicht
820 3727 862 3768 zu
889 3705 1035 3787 helegen
1057 3705 1142 3787 sind,
1172 3705 1290 3768 ddrfen
1311 3704 1415 3767 kaurn

252 3808 300 3870 als
318 3809 502 3890 Zeugnisse
518 3809 708 3891 ausgestellt
721 3808 892 3890 werden“,
907 3809 989 3871 mihi
1005 3806 1141 3889 quidem
1156 3807 1241 3870 illud
1255 3806 1417 3870 audacius

250 3909 383 3973 videtur
404 3911 439 3972 in
461 3911 632 3993 scriptore,
657 3913 713 3992 qui
735 3927 900 3992 persaepe
920 3910 1103 3972 falsissimis
1133 3910 1292 3972 continuo
1316 3909 1427 3972 veris·

251 4013 335 4074 sima
358 4011 519 4076 adiunxit.
549 4014 652 4075 imme
669 4030 802 4093 semper
824 4011 1008 4074 tenendum
1024 4012 1086 4074 erit
1100 4010 1311 4092 praeclarum
1333 4010 1418 4074 illud

252 4114 477 4178 Schoemanni
500 4115 646 4197 „diserta
668 4115 874 4196 antiquitatis
897 4115 1090 4178 testimonia
1110 4114 1186 4196 plus
1201 4112 1291 4176 haud
1315 4111 1418 4176 dubie

322 4337 359 4404 ⁸⁴)
394 4332 523 4406 Πάραλος
546 4333 592 4389 καὶ
609 4333 776 4402 Σαλαμινίας
796 4328 1029 4402 ...Ἀριστοτέλης
1053 4330 1082 4388 δὲ
1097 4327 1271 4402 Ἀμμωοιὰδα
1294 4330 1341 4386 καὶ
1359 4327 1418 4386 Πά-

252 4419 530 4580 ραλοῖὓζωὲὴὶῧρρί,
547 4510 604 4562 Der
621 4508 756 4578 Areopag
773 4508 830 4562 und
849 4509 895 4561 die
912 4480 1048 4578 Epheten,
1066 4508 1161 4560 Berlin
1181 4506 1256 4578 1874,
1274 4523 1301 4575 p.
1320 4505 1363 4560 22.
