3180 5136
715 377 867 478 —62-

208 583 258 647 dis
296 585 448 666 scriptori
481 590 663 668 congmat,
701 603 720 648 e
751 586 863 648 Photii
895 587 1087 650 narratione
1120 589 1165 664 (v.
1195 583 1370 664 Κάλλειον)

205 690 308 770 patet.
353 689 420 750 iam
443 687 486 750 ad
509 689 611 750 finem
633 689 730 750 huius
753 688 987 770 disputationis
1015 691 1229 771 pervenimus
1251 690 1372 750 mirum

205 789 240 850 in
268 789 408 852 modum
434 790 600 870 prioribus
629 790 780 874 dignum:
816 790 859 853 ad
888 786 926 852 τὸ
954 792 1009 852 ἐπί
1037 788 1146 872 Λύκῳ.
1198 808 1285 872 quae
1317 791 1371 853 hic

205 891 301 954 locus
324 908 405 954 vera
426 892 482 954 vel
504 892 623 955 saltem
645 893 815 958 veteribus
837 893 981 975 probata
1003 895 1162 976 continet,
1191 911 1234 957 ex
1255 893 1370 955 Erato-

206 995 332 1056 sthenis
356 994 398 1057 de
422 996 559 1077 antiqua
583 995 760 1059 comoedia
783 997 1029 1060 commentariis
1049 995 1199 1058 derivata
1214 998 1306 1079 sunt3
1330 997 1369 1058 cf.

205 1097 307 1179 Hasp.
331 1096 495 1172 δεκάζωντ
513 1143 520 1159 .
538 1147 545 1162 .
562 1143 570 1160 .
587 1093 828 1182 Ἐρατοσθένης
851 1097 886 1162 δὲ
908 1100 944 1161 ἐν
966 1105 1033 1172 τοῖς
1056 1099 1130 1179 περὶ
1152 1099 1208 1180 τῆς
1231 1093 1370 1179 ἀρχαίας

206 1199 376 1281 κωμῳδίας
399 1198 508 1262 πόθεν
531 1198 567 1263 τδ
590 1203 725 1284 πρᾶγμα
747 1198 873 1283 εἴρηται
895 1200 990 1285 δηλοῖ
1008 1199 1110 1282 λέγων
1131 1198 1260 1284 ,Λύκος
1281 1200 1370 1264 ἐστὶν

204 1295 289 1384 ἥρως
310 1300 392 1383 πρὸς
421 1309 488 1378 τοῖς
516 1304 552 1366 ἐν
568 1299 721 1386 Ἀδηναις
750 1302 978 1388 δικαστηρίοις,
1006 1305 1064 1368 τοῦ
1091 1305 1211 1387 θηρίον
1239 1299 1371 1386 μορφὴν

206 1401 297 1484 ἔχων,
325 1401 406 1487 πρὸς
434 1401 473 1468 ὃν
502 1404 535 1468 οί
563 1404 819 1489 δωροδοκοῦντες
844 1405 929 1469 κατὰ
958 1411 984 1468 ι’
1013 1406 1194 1488 γιγνόμενοι
1222 1399 1369 1486 ἀνεστρέ-

206 1529 319 1590 φοντο,
347 1501 431 1570 ὅθεν
453 1504 578 1589 εἴρηται
600 1505 712 1570 Λύκον
736 1506 862 1584 δεκάς.“
879 1555 887 1570 .
907 1554 939 1571 ..
975 1508 1019 1572 ad
1049 1509 1194 1572 eundem
1220 1509 1370 1590 inprimis

205 1611 461 1674 Eratosthenem
491 1612 591 1674 etiam
619 1612 826 1694 reliquorum
855 1613 1146 1695 grammaticorum
1180 1611 1371 1676 testimonia

205 1713 382 1776 reserenda
404 1720 490 1797 sunt,
514 1715 574 1777 sed
596 1732 697 1778 nemo
722 1732 838 1778 eorum
854 1716 908 1776 ἐπὶ
923 1713 1021 1796 Λύκῳ
1045 1713 1258 1778 dicasterium
1281 1731 1370 1776 com·

204 1820 386 1900 memorat3
401 1817 611 1881 nihilosetius
625 1818 750 1880 Pollux
764 1818 1068 1899 praeclarissimum
1083 1816 1252 1879 vindicem
1267 1816 1370 1879 habet

205 1919 476 1982 Schoemannnm
512 1921 595 2000 (Att.
623 1923 719 1984 Proo.
748 1941 780 2002 p.
812 1918 898 1999 146).
951 1939 1055 2003 quare
1083 1919 1269 1984 accuratius
1297 1935 1369 1980 rem

205 2021 465 2085 consideremus.
515 2024 660 2104 primum
693 2041 803 2105 paene
837 2041 954 2086 omnes
988 2017 1196 2106 grammatici
1204 2020 1249 2100 ⁸⁰)
1284 2021 1369 2083 sicut

204 2123 276 2205 ipse
298 2125 536 2188 Eratosthenes
564 2125 646 2206 Lyci
675 2130 819 2188 statuam
847 2143 917 2189 non
944 2126 979 2189 in
1007 2143 1075 2188 uno
1106 2125 1281 2188 disasterio
1312 2141 1367 2185 ex-

204 2230 363 2290 structam
385 2229 487 2291 fuisse
510 2233 656 2312 narrem,
679 2229 740 2292 sed
761 2229 884 2310 plurali
905 2247 1046 2292 numero
1075 2226 1171 2312 (πρὸς
1192 2233 1260 2302 τοῖς
1283 2225 1368 2289 δικα-

205 2328 358 2414 στηρίοις)
381 2334 535 2414 utuntur3
565 2333 646 2414 quin
669 2333 771 2394 etiam
792 2332 991 2414 Hesychius,
1021 2349 1122 2414 quem
1144 2331 1267 2395 totiens
1291 2347 1368 2391 cum

205 2433 342 2496 Polluce
365 2435 554 2520 consentire
575 2435 784 2517 videbamus,
814 2453 882 2518 quo
905 2436 939 2497 in
962 2435 1026 2498 hac
1049 2451 1185 2516 quoque
1206 2451 1244 2496 re
1265 2449 1365 2494 nemo

207 2533 288 2598 elius
302 2535 434 2598 Polluci
448 2537 587 2600 similior
603 2542 663 2619 est,
685 2538 851 2618 pluralem
865 2537 984 2602 habet:
997 2534 1109 2599 Λύκον
1126 2534 1236 2610 δεκάςε
1253 2556 1366 2617 παροι-

204 2635 329 2716 μιῶδες,
358 2637 561 2714 ensi-Arima
589 2634 674 2723 ἣρως
702 2637 784 2722 πρὸς
813 2647 881 2715 τοῖς
910 2641 946 2703 ἐν
967 2636 1122 2728 Ἀθήναις
1152 2640 1366 2720 δικαστηρίοις

202 2735 323 2822 ἵδρυτο,
345 2743 404 2804 τοῦ
428 2744 547 2824 θηρίον
569 2741 629 2827 την
649 2741 782 2826 μορφὴν
804 2741 895 2825 ἔχων,
922 2742 1005 2823 Lyci
1033 2743 1205 2825 proprium
1228 2741 1365 2805 disaste-

202 2844 289 2905 rium
310 2862 379 2907 non
401 2847 505 2909 novit.
549 2846 753 2929 singularem
776 2865 952 2909 numerum
976 2845 1137 2910 adhibent
1165 2844 1228 2908 soli
1250 2845 1366 2907 tertius

203 2946 382 3010 scholiasta
403 2947 502 3012 Arist.
525 2949 626 3030 Vesp.
650 2946 713 3010 389
742 2947 850 3010 Λύκον
871 2941 980 3032 ἡρῷον
1001 2946 1083 3031 πρὸς
1105 2949 1149 3028 τῷ
1173 2945 1365 3029 δικαστηρίῳ

201 3037 251 3132 ἦν,
273 3037 470 3133 ᾧδμέριζον,
494 3044 549 3114 ὅτε
571 3049 764 3134 δικαστήρια
785 3039 834 3135 ἦν,
857 3049 916 3115 τὸν
938 3049 1031 3134 παρὰ
1053 3055 1121 3124 τοῖς
1143 3047 1279 3132 λαχοῦσι
1300 3052 1365 3112 τῶν

195 3147 379 3236 Ἀθηναίων
402 3152 543 3229 δικάζειν
566 3152 752 3218 δικαστικὸν
774 3153 901 3236 μισθὸν
922 3152 1112 3237 τριώβολον,
1137 3172 1237 3237 quem
1252 3170 1365 3215 recen·

203 3258 271 3318 tem
292 3258 547 3338 grammaticum
562 3259 710 3341 satisque
726 3260 918 3340 imperitum
934 3276 1009 3322 esse
1024 3257 1152 3321 dudum
1169 3256 1364 3339 constat⁸¹),

204 3361 236 3420 et
250 3359 389 3422 Photius
403 3353 422 3443 ἦ
438 3359 550 3422 Λύκον
567 3358 661 3434 δεκάς
677 3383 685 3398 ·
701 3362 809 3436 Λύκος
825 3357 979 3444 Ἀθήνησι
1002 3359 1083 3442 πρὸς
1105 3362 1149 3441 τῷ
1171 3358 1364 3443 δικαστηρίῳ

202 3455 302 3543 ἣρως,
324 3460 456 3545 μορφὴν
478 3460 561 3544 ἔχων
583 3465 704 3546 θηρίον
721 3509 729 3526 .
746 3515 752 3528 .
771 3485 793 3526 .;
818 3463 879 3527 sed
900 3483 944 3526 ne
966 3465 1028 3526 hos
1052 3463 1187 3546 quidem
1208 3500 1252 3510 -
1271 3465 1364 3526 nimi-

201 3585 276 3627 rum
298 3567 533 3648 grammaticos
556 3584 684 3649 eosque
706 3568 837 3630 serioris
861 3567 979 3630 aetatis
1003 3570 1037 3630 te
1057 3566 1171 3648 legere
1193 3571 1363 3630 memento

201 3703 242 3713 -
265 3671 303 3730 ut
323 3669 382 3732 uni
405 3674 564 3752 certoque
585 3669 710 3733 iudicio
731 3669 824 3732 illam
839 3673 984 3733 statuam
999 3669 1154 3734 tribuisse
1168 3673 1363 3751 statuamus,

201 3770 271 3832 ulla
303 3772 505 3834 necessitate
539 3773 697 3855 cogimur.
744 3791 831 3854 quae
860 3791 936 3834 oum
963 3773 1011 3835 ita
1037 3773 1118 3854 sint,
1146 3773 1262 3834 'facere
1295 3789 1364 3834 non

200 3891 348 3957 possum,
372 3875 545 3956 quiricum
559 3875 834 3958 Hudtwelckero,
856 3876 991 3957 Meiere,
1014 3872 1282 3955 Bernhardyo⁸²)
1299 3875 1364 3938 hoo

271 4167 308 4232 80)
344 4167 398 4219 lex.
418 4165 496 4219 (lant.
514 4184 540 4219 v.
558 4159 659 4234 Λύκος,
683 4165 763 4218 Phot.
782 4165 810 4217 in
829 4169 945 4234 utraque
964 4165 1058 4234 glossa
1080 4158 1172 4216 Λύκου
1191 4159 1283 4237 δεκάς,
1306 4168 1362 4220 duo

200 4255 295 4322 priora
313 4253 418 4307 scholia
436 4251 580 4322 Aristoph.
598 4253 616 4306 l.
634 4253 661 4321 1.,
681 4252 784 4304 Zenob.
802 4252 826 4302 V
844 4251 869 4321 2,
887 4252 1015 4320 Apostol.
1034 4252 1059 4303 X
1077 4249 1119 4305 93.

272 4340 308 4408 ⁸¹)
344 4341 379 4394 cf.
397 4339 569 4407 Bernhardyi
587 4337 805 4407 Eratosthenica,
824 4338 947 4391 Berolini
960 4337 1034 4407 1822,
1053 4355 1079 4406 p.
1092 4338 1152 4392 214.

273 4427 311 4493 θ’)
346 4427 457 4481 Hndtw.
475 4427 566 4479 Uebar
584 4425 611 4479 d.
630 4425 734 4478 hiientl.
754 4441 780 4476 u.
792 4424 1116 4477 Privat·Schiadsrichter
1132 4427 1161 4477 in
1173 4423 1275 4498 Athen,
1294 4428 1363 4482 ana

205 4513 280 4584 1812,
294 4531 322 4583 p.
335 4514 375 4584 14,
390 4515 474 4566 Meier
489 4513 619 4566 debonis
634 4512 836 4582 damnatorum,
849 4513 940 4566 Berol.
951 4511 1026 4581 1819,
1040 4528 1067 4580 p.
1078 4510 1136 4584 113,
1145 4513 1306 4583 Bernhardy
1316 4517 1333 4568 l.
1342 4516 1362 4570 l.
