3194 5136
765 347 806 409 53

197 556 255 635 qui
282 555 372 616 viros
406 570 516 634 aeque
550 571 589 615 ao
618 553 775 616 mulieres
804 553 1005 634 puniverint,
1041 553 1098 634 qui
1128 553 1365 616 molestissime

195 657 285 738 ipsas
309 656 432 718 civium
456 654 575 718 domus
598 656 796 718 intraverint
826 657 869 737 et,
898 655 926 718 si
955 654 1034 737 quid
1064 659 1198 738 praeter
1225 656 1363 719 modum

195 757 320 820 factum
342 755 522 840 videretur,
551 759 663 819 statim
690 757 949 819 intercesserint.
993 757 1079 820 haec
1107 757 1169 820 fuit
1195 775 1286 821 nova
1307 759 1366 821 illa

196 862 297 940 atque
319 858 580 922 Atheniensibus
602 858 754 922 inaudita
775 859 842 941 lex,
866 858 909 920 de
932 877 1000 940 qua
1022 860 1142 922 comici
1165 865 1364 940 queruntur:

196 960 239 1024 de
261 961 356 1045 καινῇ
380 955 462 1046 ἀρχῇ
486 979 596 1025 sermo
624 979 695 1025 non
726 965 785 1026 est.
831 962 962 1024 etiamsi
989 962 1090 1046 igitur
1117 956 1364 1044 gynaeconomi

194 1064 263 1125 iam
286 1067 364 1125 ante
380 1063 590 1126 Demetrium
611 1065 747 1127 fucrrmt
770 1067 803 1126 ct
823 1064 878 1126 bic
899 1081 969 1127 non
983 1081 1110 1127 novum
1132 1065 1363 1146 magistratum

193 1166 344 1248 instituit,
368 1164 428 1227 sed
459 1168 589 1228 tantum
617 1168 723 1230 veteri
749 1184 875 1230 novam
901 1169 1105 1248 potestatem
1134 1165 1271 1248 addidit,
1299 1168 1363 1230 hac

193 1270 267 1350 ipsa
290 1269 468 1332 occasione
490 1287 571 1331 usus
595 1287 696 1350 quam
719 1273 798 1351 apte
811 1269 1032 1332 Philochorus
1054 1270 1089 1331 in
1110 1267 1196 1332 libro
1220 1271 1361 1352 septimo

195 1370 238 1433 de
261 1387 301 1434 eo
324 1371 521 1452 magistratu
544 1369 708 1434 disserere
730 1371 886 1453 potuerit,
908 1389 1000 1434 nuno
1020 1388 1082 1453 per
1104 1389 1142 1435 se
1162 1374 1265 1454 patet.

278 1472 339 1536 His
363 1473 523 1554 expositis
555 1472 691 1536 tandem
721 1472 764 1535 de
792 1477 931 1536 auctore
951 1473 1100 1540 Pollucis
1130 1475 1363 1555 quaestionem

192 1575 368 1640 instituere
389 1575 585 1656 poterimus.
625 1574 661 1637 id
682 1575 764 1637 mihi
787 1575 940 1638 effecisse
953 1575 1072 1639 videor
1086 1593 1362 1658 gynaeconomos

192 1679 260 1740 iam
284 1680 363 1740 ante
385 1677 595 1740 Demetrium
617 1675 758 1740 Athenis
775 1678 953 1760 exstitisse,
976 1677 1037 1740 sed
1061 1695 1101 1741 00
1125 1677 1198 1741 1010
1221 1697 1363 1742 munere

192 1781 324 1843 timetos
348 1797 432 1862 esse,
462 1779 553 1862 quod
582 1779 706 1842 Pollux
735 1778 903 1863 describit,
932 1781 1142 1844 Demetrium
1169 1781 1209 1843 iis
1237 1798 1362 1844 novam

191 1886 395 1964 potestatem
411 1881 577 1964 tribuisse,
595 1900 697 1963 quam
712 1881 819 1945 solam
834 1882 1056 1946 Philochorus
1073 1883 1221 1966 exponit.
1246 1901 1360 1965 quam-

193 2003 295 2068 quam
317 2002 398 2048 vero
421 1985 475 2046 hic
500 1985 601 2046 etiam
622 1984 754 2066 reliqua
784 1985 894 2047 officia
923 2002 1189 2048 commemorare
1215 1986 1272 2049 vel
1293 1988 1360 2050 iam
1447 2025 1452 2034 .

192 2090 271 2150 ante
287 2091 551 2151 commemorata
563 2090 719 2169 repetere
732 2090 867 2169 poterat
888 2090 922 2150 et
935 2087 1130 2152 Athenaeus
1147 2106 1197 2170 ea,
1220 2093 1258 2150 111
1274 2106 1362 2171 quae

190 2208 260 2254 11011
282 2189 325 2252 ad
353 2207 426 2252 rem
455 2191 663 2272 propositam
692 2191 896 2274 attinerent,¹
914 2193 1078 2273 omittere,
1100 2191 1224 2253 Pollux
1245 2210 1359 2255 rursus

189 2292 249 2354 illa
270 2292 460 2374 neglegere,
485 2310 573 2374 quae
587 2291 783 2356 Athenaeus
807 2294 967 2356 servavit:
991 2297 1115 2376 tamen,
1139 2311 1216 2355 cum
1230 2293 1295 2356 hac
1318 2292 1360 2356 de

189 2412 227 2457 re
248 2412 385 2476 prorsus
408 2395 491 2457 nihil
514 2399 725 2476 compertum
746 2395 944 2478 habeamus,
972 2395 1063 2459 malo
1092 2395 1240 2458 Pollucis
1270 2397 1358 2458 testi-

189 2498 342 2562 monium
377 2499 505 2560 auctori
539 2496 702 2580 tribuere,
737 2498 795 2579 qui
825 2498 991 2560 Demetrii
1022 2499 1174 2561 instituta
1206 2497 1358 2561 nondum

189 2604 340 2682 noverat,
374 2617 488 2682 neque
520 2600 628 2663 ullum
662 2601 824 2682 aptiorem
858 2599 980 2682 habeo,
1016 2618 1117 2682 quam
1149 2601 1260 2682 ipsum
1288 2599 1358 2662 Ari-

189 2702 356 2784 stotelem,
381 2720 424 2764 ex
441 2719 508 2784 quo
533 2707 591 2764 aut
614 2702 851 2766 ePhilochoro
876 2703 956 2766 talia
970 2720 1104 2766 sumere
1119 2703 1230 2766 solent
1252 2721 1358 2784 gram-

189 2804 312 2868 matici.
359 2804 480 2868 certius
501 2804 566 2866 hac
590 2804 691 2867 dere
713 2806 864 2886 proferre
885 2821 1030 2887 nequeo.

190 3007 303 3048 causam
322 2991 430 3044 nullam
449 2991 541 3044 video.
577 2993 681 3058 passim
701 2993 775 3042 enim
797 2991 937 3058 perhanc
960 2993 1046 3043 vitam
1064 2990 1228 3048 Plutarchus
1250 2991 1359 3042 institu-

188 3077 410 3132 1ο11111180101111
435 3077 482 3129 vel
505 3079 642 3131 factorum
665 3079 819 3130 narrationi
842 3093 878 3130 ex
896 3078 958 3130 aliis
977 3078 1137 3131 auctoribus
1160 3077 1275 3129 haustae
1293 3091 1357 3128 suas

188 3167 380 3233 cogitationes,
403 3168 559 3234 praecepta,
583 3164 802 3233 adhortationes,
826 3180 898 3233 quae
916 3164 952 3216 ad
974 3180 1066 3217 mores
1086 3167 1219 3233 spectant,
1242 3161 1357 3214 addidit.

187 3265 223 3302 ne
241 3250 270 3301 id
289 3250 403 3318 quidem
422 3265 437 3302 0
449 3251 543 3302 verbis
556 3250 697 3302 Plutarchi
709 3266 761 3318 pro
775 3254 850 3304 certo
864 3249 994 3304 concludi
1003 3255 1098 3320 potest
1108 3250 1220 3303 8010111
1231 3253 1357 3316 tempore

188 3352 415 3408 gynaeconomos
438 3338 564 3390 nondum
588 3339 683 3406 fuisse,
708 3339 812 3406 quippe
841 3354 961 3406 quorum
990 3338 1217 3391 commemoratio
1241 3350 1298 3390 non
1322 3335 1357 3386 ad

186 3425 370 3488 1111110101-Ι
390 3428 417 3475 01
434 3424 470 3475 ad
488 3423 538 3476 has
558 3424 632 3476 solas
652 3423 816 3477 coercendas
835 3424 1015 3478 hauddubie
1037 3426 1128 3492 primo
1151 3424 1271 3476 instituti
1294 3426 1359 3474 sunt

187 3540 221 3550 -
240 3511 290 3562 sed
308 3511 344 3563 ad
362 3513 437 3562 viros
456 3514 568 3578 spectet.
605 3514 690 3578 atque
707 3510 776 3562 haec
794 3526 837 3564 101
856 3511 939 3580 plane
957 3511 1054 3563 eadem
1073 3515 1123 3582 011,
1141 3511 1250 3562 etiamsi
1268 3511 1356 3560 totum

185 3599 281 3650 locum
303 3597 446 3649 Demetrio
473 3598 598 3649 tribuere
621 3598 672 3650 vis.
714 3596 792 3649 addit
813 3597 895 3649 Prinr
918 3597 999 3650 haec:
1024 3599 1185 3667 „aptissime
1208 3594 1357 3648 contuleris

188 3687 272 3737 etiam
289 3683 428 3736 Plutarch.
446 3683 562 3736 Aristid.
577 3699 604 3735 0.
623 3681 658 3735 27
681 3675 765 3744 αὐτὸς
782 3679 872 3750 μέντοι
890 3681 973 3750 φησὶν
997 3676 1012 3735 ὃ
1032 3677 1183 3751 Δημήτριος
1200 3678 1358 3748 νομοθετῶν

187 3763 248 3826 ἀντὶ
264 3763 413 3841 τριωβόλου
433 3766 553 3839 δραχμὴν
569 3765 683 3840 ἑκατέρᾳ
699 3763 781 3835 τάξαι
797 3770 853 3822 τῶν
869 3769 1006 3837 γυναικῶν
1023 3772 1128 3838 (neque
1146 3769 1200 3822 hoc
1218 3769 1356 3836 fragmen·

187 3862 247 3909 tum
265 3857 340 3925 apud
358 3857 522 3909 Muellerum
540 3853 720 3923 invenitur).“
756 3857 806 3910 sed
824 3857 870 3909 hic
891 3871 949 3910 non
967 3855 1108 3908 1101111111
1129 3869 1220 3909 sermo
1239 3857 1288 3922 est,
1306 3853 1357 3906 sed

187 3944 222 3995 de
240 3943 389 4012 beneficio,
407 3958 500 4012 neque
517 3943 634 3996 Mueller
651 3942 705 3996 hoc
724 3944 911 4012 fragmentum
928 3941 1063 4012 neglexit,
1080 3941 1130 3994 sed
1147 3941 1220 3994 bene
1237 3955 1280 4009 eo,
1299 3955 1356 4008 quo

186 4030 249 4100 ipso
268 4027 418 4083 Plutarcho
436 4034 568 4083 monente
585 4032 714 4098 pertinet
732 4030 851 4082 rettulit:
871 4029 907 4081 ad
923 4029 1059 4080 Demetrii
1077 4027 1112 4080 de
1123 4027 1236 4082 8001110
1253 4028 1356 4080 librum

188 4116 283 4184 (frgm.
303 4117 357 4183 15).
392 4120 516 4192 Ι0010111111
533 4117 592 4168 noli
610 4117 739 4168 arbitrari
756 4131 877 4172 meeum
895 4131 965 4185 esse,
983 4116 1032 4183 qui
1044 4113 1183 4168 eiusmodi
1199 4113 1356 4167 socordiam

186 4201 337 4254 Plutarcho
361 4201 506 4272 indignam
531 4217 666 4254 censeam.
707 4201 757 4254 sed
779 4205 847 4269 puto
871 4202 938 4253 talia
964 4215 1022 4255 non
1049 4201 1126 4268 prius
1150 4201 1278 4268 scriptori
1305 4200 1357 4252 ulli

187 4286 352 4357 imputanda
375 4303 445 4359 0110,
468 4304 552 4357 quam
576 4291 600 4340 11
623 4293 764 4340 certares
787 4289 824 4341 111
846 4303 878 4340 ac
901 4287 1075 4341 dubitatione
1093 4291 1192 4339 careat.
1219 4315 1241 4324 -
1270 4288 1355 4340 Rosei

187 4376 354 4428 sententiam
377 4375 519 4444 improbat
542 4375 624 4427 etiam
649 4373 778 4444 Onclren,
807 4375 842 4428 cl.
866 4373 1056 4444 eiusllibrum
1080 4377 1137 4426 not.
1155 4373 1190 4425 47
1212 4372 1356 4426 laudatum

185 4477 213 4530 p.
231 4459 283 4514 425
301 4465 360 4516 not.
377 4461 402 4514 5.
