3194 5136
791 401 829 466 10

737 492 889 502 ...-ὴ.

431 608 517 696 ίδίηι
540 607 581 672 οἱ
600 612 874 691 θεσμοθέται.

313 728 414 811 Hesp.
437 731 663 810 θεσμοθέται
769 727 787 794 ὁ
811 731 846 794 δὲ
864 727 1144 816 Ἀριστοτέλης
1172 733 1209 796 έν
1236 734 1275 818 τῇ
1299 727 1396 815 Ἀθη-

228 834 330 893 ναίων
353 830 503 917 πολιτείᾳ
526 832 686 913 διέρχεται
708 827 773 896 ὅσα
796 825 887 897 οὗτοι
910 833 1121 917 πράττουσιν.

228 934 330 1016 Harp.
353 935 409 997 vel
430 936 496 998 lex.
522 934 650 1016 Cent.⁹)
675 935 898 1019 conprimatur:
1006 933 1283 1021 Ἀριστοτέλης
1305 933 1334 1000 δ’
1360 939 1397 1001 έν

223 1032 407 1120 Ἀθηναίων
428 1036 579 1124 πολιτείᾳ
602 1041 677 1119 περί
698 1041 765 1102 τῶν
781 1041 1002 1119 θεσμοθετῶν
1024 1037 1125 1121 λέγων
1148 1041 1247 1122 φησὶν
1270 1035 1393 1114 οὕτως·

229 1139 313 1215 ,,είσὶ
335 1139 370 1202 δέ
392 1143 517 1224 γραφαὶ
545 1141 627 1222 πρὸς
656 1136 785 1217 αδτοδς,
817 1131 863 1205 ὧν
889 1142 1098 1225 παράστασις
1118 1145 1261 1222 τίθεται,
1290 1145 1396 1218 ξενίας

231 1243 312 1322 (lex.
337 1241 432 1307 Cani.
455 1265 486 1306 v.
516 1246 622 1318 ξενίας
652 1245 744 1309 addit
772 1243 832 1307 ἐάν
858 1267 907 1319 τις
935 1247 1151 1328 κατηχορῆται
1179 1247 1267 1320 ξένος
1297 1238 1395 1330 εἶναι)

229 1347 284 1408 καί
316 1344 524 1428 δωροξενίας,
553 1342 595 1408 dc
624 1369 671 1422 τις
700 1347 789 1431 δῶρα
820 1345 895 1421 δοὺς
923 1346 1078 1434 άποηάχη
1106 1347 1166 1432 την
1193 1351 1311 1424 ξενίαν,
1339 1350 1396 1410 καλ

228 1447 477 1533 ψευδεχχραφῇς
498 1451 554 1512 καὶ
576 1449 833 1538 ψευδοκλητείας
853 1453 909 1513 καί
930 1449 1131 1532 βουλεύσεως
1153 1453 1209 1514 καλ
1232 1446 1396 1534 ἀγραφίου

230 1552 286 1614 καί
307 1555 484 1632 μοιχείαςίί.

229 1659 321 1718 recte
342 1655 434 1718 Posse
462 1677 494 1738 p.
518 1654 580 1719 430
609 1658 675 1720 huo
705 1658 805 1719 etism
834 1657 962 1720 rettulit
989 1657 1055 1720 lex.
1084 1656 1191 1720 Bekk.
1220 1678 1252 1739 p.
1281 1653 1394 1739 436,1

231 1756 298 1820 ἀπὸ
322 1756 494 1839 συμβόλων
517 1756 655 1834 δικάζεις
673 1755 844 1842 Ἀθηναῖοι
868 1755 934 1822 άπὸ
959 1757 1131 1843 συμβόλων
1159 1757 1309 1834 ἐδίκαζον
1329 1765 1399 1833 τοῖς

230 1856 395 1944 ὑπηκόοις.
427 1855 529 1934 οὕτως
547 1856 832 1945 Ἀριστοτέλης.
1225 1865 1228 1872 ’

229 1968 406 2048 praeterea
423 1965 461 2026 of.
482 1965 579 2026 Phot.
603 1967 829 2045 θεσμοθέταις
853 1961 934 2050 ἀρχὴ
961 1963 1128 2050 Αθήνησιν
1144 1960 1273 2047 ἀνδρῶν
1295 1965 1342 2041 δ’ξ,
1368 1964 1404 2028 οἳ

229 2067 288 2150 τὴν
310 2069 375 2130 τῶν
397 2064 507 2147 νόμων
522 2065 712 2149 ἐπιμέλειαν
731 2069 905 2131 ἐποιοῦντο
928 2069 1058 2143 καὶτὰς
1080 2066 1280 2150 εἰσαγγελίας
1298 2066 1399 2152 εἰσήγ-

231 2168 346 2253 γελλον
369 2169 415 2244 εἰς
442 2169 501 2232 τὸν
529 2169 633 2254 δῆμον
660 2172 716 2233 καλ
745 2171 803 2244 τάς
833 2175 1034 2254 χειροτονίας
1061 2173 1117 2244 καὶ,
1144 2171 1204 2245 τὰς
1233 2168 1401 2253 προβολάς

234 2267 367 2346 ἁπάσας
400 2274 457 2334 καί
489 2270 619 2354 γραφάς
654 2272 874 2352 παρανόμων·
906 2275 962 2335 καλ
996 2263 1082 2357 ἦσαν
1117 2271 1300 2357 διορθωταλ
1333 2275 1400 2336 τῶν

233 2372 352 2454 νόμων.
398 2373 486 2438 adde
507 2375 611 2439 schol.
634 2376 731 2437 Dem.
755 2375 868 2438 XXIV
891 2373 941 2438 20.

233 2478 334 2558 Herp.
357 2473 513 2561 ἦγεμονία
536 2476 743 2561 δικαστηρίου
755 2477 816 2558 ¹⁰J:
840 2523 899 2540 ...
922 2477 1005 2558 πρὸς
1028 2477 1062 2540 δδ
1083 2476 1159 2553 τοὺς
1181 2481 1398 2560 θεσμοθέτας

234 2581 317 2659 (soil.
347 2578 566 2661 ἐλαχχάνοντο
590 2581 689 2657 δίκαι)
719 2578 756 2643 αἱ
774 2583 830 2665 τῆς
852 2584 958 2656 ξενίας
979 2604 1016 2645 τε
1044 2582 1100 2644 καί
1123 2581 1316 2666 δωροξενίας
1345 2585 1401 2645 καλ

234 2683 568 2770 συκοφαντίαςῑῑ)
598 2686 654 2747 καὶ
683 2673 818 2767 δώρων
839 2686 895 2747 καὶ
922 2683 1172 2770 ψευδεχχραφῆς
1198 2687 1254 2748 καὶ
1276 2679 1398 2768 ὕβρεως

233 2789 290 2850 καί
311 2790 459 2868 μοιχείας
480 2790 536 2849 καὶ
557 2785 758 2870 βουλεύσεως
779 2789 836 2850 καὶ
858 2782 977 2850 ἄλλων.

318 2891 357 2953 In
369 2891 480 2954 verbis
497 2893 553 2952 nal
571 2887 658 2964 εἴτις
670 2889 713 2975 μη
731 2888 916 2974 ἐπιτήδειον
932 2888 1034 2970 νόμον
1046 2887 1206 2973 γράψειεν
1224 2889 1315 2971 epud
1324 2891 1401 2953 Pol·

233 2995 344 3056 lucem
374 3011 510 3075 quoque
538 2994 697 3075 reliquias
727 3011 852 3074 esrum,
883 3011 966 3075 quas
996 2992 1039 3055 de
1061 2993 1199 3074 singulis
1223 2994 1331 3055 causis
1353 2995 1400 3056 in-

234 3100 385 3159 seruerat
406 3095 615 3176 Aristoteles,
639 3095 872 3159 definitionum
888 3095 1150 3177 deprehendisse
1170 3097 1252 3158 mihi
1273 3095 1400 3160 videor.

236 3202 368 3262 constat
391 3191 480 3260 enim
502 3195 706 3279 παρανόμων
720 3196 850 3281 γραφήν
873 3198 1034 3260 etiamad
1051 3193 1276 3281 ἀνεπιτήδειον
1298 3197 1402 3278 νόμον

235 3303 444 3385 pertinuisse.
489 3302 605 3381 itaque
633 3318 702 3363 vox
730 3303 789 3362 καί
813 3300 938 3363 indicio
962 3299 1059 3364 nobis
1088 3317 1162 3363 esse
1188 3305 1403 3384 potestante

237 3425 313 3470 esm
327 3405 440 3487 aliquo
452 3404 577 3467 omissa
588 3421 672 3486 esse,
696 3422 785 3486 quse
795 3405 878 3467 varii
896 3405 1085 3486 argumenti
1097 3420 1171 3466 esse
1186 3402 1402 3490 possisnam).

306 3662 330 3730 ⁹)
366 3673 453 3730 pravo
477 3660 581 3712 iudicio
605 3659 673 3712 haec
697 3660 793 3729 glossa
815 3661 844 3710 in
867 3662 946 3712 textu
973 3658 1058 3712 lexici
1081 3655 1159 3712 Cant.
1189 3660 1224 3712 ab
1249 3658 1402 3713 editoribus

236 3751 381 3804 omittitur.

304 3832 343 3902 ¹⁰)
377 3833 547 3888 totamhenc
556 3833 679 3902 glossam
689 3848 725 3884 ex
733 3831 905 3886 Aristoteliis
921 3835 1104 3901 compositam
1114 3847 1175 3886 esse
1191 3832 1271 3885 facile
1280 3837 1403 3901 apparel

310 3921 343 3988 ¹¹)
379 3920 454 3974 unde
477 3919 547 3972 mihi
571 3935 603 3972 ea
625 3923 691 3972 nata
714 3935 774 3973 esse
797 3919 939 3996 viderrtur,
969 3934 1041 3987 quae
1064 3921 1093 3972 in
1120 3917 1281 3972 Aristotelis
1310 3919 1403 3972 verbis
1443 3917 1449 3930 '

234 4010 354 4078 legimus
378 4007 453 4076 apud
476 4005 559 4076 Hesp.
579 4005 740 4072 δωροξευίατ
830 4003 1058 4072 coiissecoiisse
1075 4002 1104 4057 ἐν
1119 3998 1268 4072 Ἀθηναίων
1284 4003 1404 4074 πολιτείᾳ

299 4092 346 4148 καλ
364 4093 535 4162 δωροξενίας,
554 4084 589 4146 άν
605 4111 645 4156 τις
669 4093 745 4161 δῶρα
769 4092 836 4155 δοὺς
858 4086 999 4160 άποφάχοι
1015 4087 1064 4160 τὴν
1082 4090 1268 4157 συκοφαντίαν
1285 4107 1336 4160 pro
1356 4086 1404 4157 τὴν

235 4181 332 4247 ξενίαν,
350 4179 396 4233 καλ
414 4181 605 4246 συκοφαντίας.
643 4195 729 4248 quare
747 4195 839 4248 neque
857 4196 919 4234 oum
938 4179 1083 4234 Dindorfio
1103 4179 1140 4233 ad
1156 4179 1241 4246 Harp.
1263 4178 1282 4231 l.
1301 4179 1319 4232 l.
1337 4181 1402 4231 sim·

234 4269 344 4339 pliciter
362 4265 547 4333 ονκοφανιίαν
564 4282 616 4336 pro
635 4265 725 4330 ξενίαν
742 4267 777 4319 cb
796 4265 880 4334 Harp.
900 4281 994 4319 errore
1011 4267 1134 4334 positum
1153 4280 1213 4318 esse
1231 4280 1323 4333 neque
1341 4281 1404 4318 cum

234 4355 360 4423 Sauppio
379 4354 415 4408 ad
431 4353 564 4422 Hyperid.
578 4353 656 4421 frgm.
674 4352 709 4406 24
727 4351 815 4418 (Orat.
829 4353 900 4420 Ac.)
919 4368 955 4404 ex
968 4354 1090 4421 epitome
1101 4352 1211 4404 illatum
1230 4350 1404 4422 crediderim.

236 4443 332 4494 nescio
351 4457 387 4494 an
406 4441 502 4494 eadem
520 4444 596 4493 ratus
615 4440 652 4492 sil
669 4439 743 4494 Rose
761 4456 788 4508 p.
807 4439 866 4496 430.

310 4527 345 4595 ¹²)
381 4528 437 4582 vid.
456 4529 657 4598 amplissimam
674 4529 864 4581 recensionem
883 4527 958 4598 opud
975 4527 1109 4580 Meiemm
1126 4525 1184 4582 Ao
1202 4525 1282 4581 Proc.
1299 4540 1327 4595 p.
1345 4522 1406 4579 284.
