3194 5136
834 425 854 490 2

256 649 334 694 mea
355 649 424 695 non
447 632 599 714 apposui,
622 631 683 694 sed
698 634 777 696 satis
794 635 897 698 habui
919 654 992 698 rem
1013 638 1061 699 ita
1075 638 1267 721 protulisse,
1292 640 1329 699 ut
1344 638 1425 698 mihi

175 767 178 774 .
257 739 414 798 accurate
437 736 644 798 examinanti
665 736 873 816 probabilius
896 739 1084 804 videbatur.

340 836 430 900 Illud
459 837 551 918 quod
579 857 681 920 supra
703 841 797 922 tetigi
826 841 972 905 officium
1001 847 1035 905 et
1062 847 1168 906 totam
1192 842 1425 923 quaestionem

255 958 316 1020 pro
339 941 425 1002 virili
439 944 535 1022 parte
557 960 632 1004 sum
647 947 836 1006 exsecutus.
867 945 957 1026 quod
976 949 1090 1008 autem
1114 946 1233 1008 attinet
1255 944 1298 1007 ad
1320 944 1424 1007 libros

255 1059 316 1123 per
329 1044 485 1123 proxime
500 1044 563 1106 tria
577 1045 714 1108 saecula
729 1045 773 1109 de
788 1048 1041 1128 antiquitatibus
1055 1048 1192 1112 Graecis
1208 1048 1424 1129 conscriptos,

254 1146 477 1208 vetustiorum
489 1147 676 1229 opiniones,
693 1165 777 1229 quas
789 1168 899 1231 paene
911 1169 1044 1233 semper
1055 1151 1156 1214 falsas
1168 1151 1271 1213 fuisse
1284 1151 1424 1231 constat,

253 1247 416 1332 indagare
445 1253 479 1312 et
505 1249 660 1312 refellere
687 1251 746 1312 vix
781 1269 866 1333 opus
896 1259 975 1316 erat.
1022 1253 1088 1316 alia
1122 1255 1177 1316 via
1204 1251 1425 1336 ingredienda

256 1354 327 1412 erat
339 1350 382 1414 de
392 1353 646 1435 recentioribus,
669 1353 729 1416 sed
740 1354 795 1417 hic
808 1373 945 1438 quoque
956 1356 1096 1419 modum
1113 1356 1273 1420 adhibere
1286 1359 1422 1418 coactus

255 1472 357 1518 erem.
404 1459 570 1537 quotquot
593 1457 682 1519 enim
696 1456 826 1521 Atticas
850 1460 1067 1541 antiquitates
1082 1461 1138 1524 vel
1162 1463 1249 1523 totas
1273 1474 1423 1539 compre·

254 1557 445 1621 henderunt
458 1559 515 1621 vel
536 1560 571 1621 in
586 1561 715 1623 maiore
731 1578 848 1624 earum
862 1567 958 1643 parte
975 1562 1235 1627 elaboraverunt
1249 1561 1305 1625 vel
1321 1562 1422 1624 etiam

253 1662 289 1723 in
304 1662 443 1746 minuta,
457 1663 492 1726 in
509 1663 630 1725 horum
645 1664 776 1744 scriptis
794 1663 949 1726 omuibus
965 1664 1089 1727 Pollux
1106 1666 1235 1748 citatur,
1256 1666 1292 1727 in
1306 1664 1421 1745 pleris-

254 1782 320 1845 que
342 1763 385 1827 de
412 1767 554 1827 veritate
583 1767 851 1830 testimoniorum
881 1765 1062 1850 disseritur,
1091 1768 1126 1830 in
1154 1768 1267 1830 multis
1291 1766 1334 1829 de
1356 1767 1420 1830 sin-

253 1866 408 1949 gulorum
431 1868 585 1931 locorum
614 1868 763 1932 fontibus
787 1869 984 1951 disputatur.
1031 1872 1178 1933 attamen
1201 1871 1286 1934 haec
1309 1870 1423 1934 omnia

251 1971 367 2052 legere
394 1971 521 2033 necin
551 1971 663 2034 auimo
688 1975 769 2054 erat,
798 1989 862 2034 nec
890 1973 918 2035 si
940 1972 1124 2037 voluissem
1147 2009 1188 2019 -
1215 1973 1419 2036 nemetiam

251 2075 339 2136 intra
360 2073 444 2136 fines
468 2092 487 2136 a
510 2092 566 2136 me
593 2075 667 2155 ipso
691 2075 772 2137 mihi
799 2077 991 2156 propositos
1020 2077 1144 2141 multos
1172 2077 1277 2140 libros
1299 2077 1420 2138 frustra

252 2177 485 2258 circumspexi,
507 2177 542 2239 id
565 2176 658 2258 quod
679 2178 734 2238 hie
756 2177 862 2240 semel
885 2179 1033 2260 tetigisse
1057 2180 1136 2242 satis
1159 2180 1258 2242 sit-
1282 2179 1418 2242 omnino

250 2282 445 2361 potuissem,
468 2297 532 2341 nec
549 2281 726 2362 quisquam
740 2281 806 2343 hoc
822 2300 842 2343 a
856 2299 912 2344 me
926 2281 1119 2362 postulabit.
1166 2300 1270 2364 quare
1284 2282 1418 2345 veniam

250 2401 306 2444 me
328 2385 583 2464 impetraturum
600 2401 674 2446 esse
689 2399 799 2466 spero,
822 2385 850 2446 si
867 2402 934 2465 qua
956 2383 999 2446 ab
1016 2384 1089 2447 aliis
1111 2386 1234 2448 rectius
1251 2385 1420 2465 disputate

250 2486 433 2568 neglexero
462 2486 516 2547 vel
546 2487 583 2569 si,
613 2503 702 2568 quae
725 2485 767 2548 ab
797 2487 869 2549 aliis
898 2489 966 2549 iam
994 2491 1128 2568 reperta
1151 2492 1255 2571 eraut,
1283 2491 1321 2549 ut
1342 2503 1420 2548 mea

252 2590 436 2671 protulero,
484 2607 689 2672 quamquam
712 2589 832 2652 horum
856 2609 1034 2654 numerum
1055 2609 1126 2654 non
1148 2591 1246 2654 nimis
1270 2590 1419 2672 amplum

251 2694 324 2755 fore
340 2693 549 2759 crediderim.
581 2697 615 2756 et
629 2694 780 2775 profecto
796 2694 893 2756 multi
910 2695 944 2757 in
960 2694 1101 2757 Polluce
1117 2698 1150 2757 et
1164 2691 1417 2776 interpretando

251 2800 285 2858 et
308 2796 520 2860 emendando
538 2814 614 2859 cum
636 2795 739 2859 laude
753 2797 878 2860 versati
900 2801 986 2879 sunt,
1011 2815 1155 2879 quorum
1169 2798 1317 2880 nomina,
1340 2813 1417 2858 oum

248 2903 283 2961 in
308 2902 457 2964 omnium
487 2918 546 2964 ore
574 2901 649 2982 sint,
680 2897 760 2980 quid
790 2916 874 2980 opus
903 2903 953 2962 est
982 2901 1202 2963 enumerare?
1247 2899 1416 2961 tamenin

251 3020 292 3064 ea
312 3004 395 3086 ipsa,
419 3021 522 3085 quam
543 3003 598 3065 hio
613 3003 826 3064 instituturus
842 3020 926 3084 sum,
951 3003 1149 3084 quaestione
1163 3020 1251 3064 unus
1267 3002 1417 3064 omnium

251 3106 377 3186 optime
406 3105 449 3168 de
478 3109 599 3168 octavo
628 3103 776 3168 Pollucis
804 3103 890 3167 libro
920 3106 1058 3168 meritus
1088 3109 1153 3188 est,
1191 3105 1343 3186 quamvis
1373 3103 1416 3166 ad

250 3207 419 3272 diversum
434 3209 537 3271 finem
553 3207 679 3289 tendat,
694 3206 895 3269 Valentinus
910 3206 1013 3290 Rose,
1030 3206 1073 3270 ad
1090 3209 1183 3270 cuius
1198 3207 1416 3270 Aristotelem

248 3310 582 3393 Pseudepigraphum
597 3307 744 3394 (Lipsiae
761 3305 856 3394 1863)
873 3310 944 3372 eius
959 3327 1095 3393 nomen,
1112 3310 1415 3393 quotienscumque

247 3430 309 3494 per
329 3414 420 3477 huno
440 3413 593 3476 libellum
622 3413 774 3475 invenies
803 3411 988 3494 laudatum,
1017 3413 1150 3475 referas.
1196 3412 1416 3494 nihilosetius,

248 3517 276 3577 si
289 3518 598 3581 recentissimomm
613 3517 737 3598 scripta
748 3531 918 3598 percurro,
936 3514 1028 3597 quod
1041 3513 1084 3577 ad
1095 3513 1271 3577 Pollucem
1287 3515 1415 3597 attinet,

246 3617 380 3684 videtur
401 3621 523 3683 frustra
550 3620 731 3702 scripsisse.
777 3618 884 3680 multa
913 3635 967 3680 me
989 3618 1067 3680 huic
1095 3618 1167 3680 viro
1198 3619 1415 3701 sagacissimo

246 3741 428 3806 rerumque
442 3723 679 3786 Pollucearum
694 3722 817 3783 mirum
833 3725 997 3802 quantum
1011 3722 1120 3802 perito
1137 3725 1277 3804 accepta
1291 3722 1416 3784 referre

246 3845 317 3890 uon
339 3832 390 3889 est
413 3827 505 3908 quod
527 3843 695 3889 moneam.
741 3828 891 3886 ceterum
913 3841 1079 3905 persaepe
1105 3841 1160 3886 res
1182 3825 1229 3886 ita
1252 3827 1303 3887 est
1325 3841 1414 3886 com·

245 3934 373 4013 parata,
395 3933 433 3991 ut
449 3928 595 4012 cuilibet,
619 3929 676 4009 qui
693 3927 829 4009 quidem
844 3927 983 3990 rationis
1000 3945 1020 3987 a
1035 3927 1259 4009 grammaticis
1277 3925 1413 3989 Graecis

244 4032 325 4096 inde
354 4031 396 4095 ab
419 4033 561 4115 Augusti
590 4031 797 4113 temporibus
826 4030 1026 4094 observatae
1053 4047 1122 4093 non
1151 4031 1287 4112 ignarus
1316 4031 1359 4092 sit
1382 4035 1415 4091 et

245 4134 378 4217 singula
391 4135 708 4218 lexicographorum
724 4137 826 4215 atque
842 4133 1098 4196 scholiastarum
1113 4132 1306 4196 testimonia
1317 4149 1413 4193 eccu-

244 4240 348 4300 ratius
363 4239 451 4300 inter
465 4256 503 4301 se
519 4238 774 4320 comparaverit,
789 4255 859 4299 non
876 4237 924 4298 ita
940 4236 1127 4317 difficulter,
1149 4235 1241 4298 unde
1257 4252 1413 4317 quaeque

245 4343 466 4424 manaverint,
491 4345 661 4423 appareat.
707 4339 830 4403 talibus
858 4340 892 4402 iu
914 4339 1016 4402 rebus
1046 4338 1138 4419 quod
1166 4337 1270 4402 Rosci
1300 4337 1412 4401 obser-

243 4444 397 4506 vationes
421 4445 539 4506 ameis
562 4461 632 4506 non
648 4441 839 4506 differentes
855 4459 988 4524 semper
1011 4457 1277 4504 commemorare
1299 4457 1412 4520 super-

244 4546 399 4629 sederim,
422 4564 522 4610 nemo
538 4547 619 4608 mihi
640 4547 722 4608 vitio
738 4549 853 4626 vertet.
899 4561 1008 4625 nuper
1030 4543 1097 4607 duo
1122 4543 1332 4624 exstiterunt,
1356 4544 1413 4624 qui
