3194 5136
604 383 770 456 '17

169 601 254 684 haec
281 619 351 663 non
379 599 546 662 intellexit
580 618 637 682 ac,
674 618 719 662 ne
752 601 895 680 ineptire
929 598 1100 662 videretur
1133 599 1335 682 legentibus

169 695 272 766 tutius
302 702 397 764 duxit
424 706 596 784 postrema
630 701 732 782 plsne
762 703 925 766 omittere.
979 703 1093 764 emnia
1120 717 1219 784 vero,
1249 720 1337 783 quse

50 830 52 913 η
168 805 293 869 Pollux
314 805 427 886 habet,
456 822 525 868 uno
556 810 673 866 tenore
703 803 875 866 Aristoteli
904 805 1021 868 deberi
1050 809 1083 868 et
1104 805 1197 868 Rose
1219 801 1337 894 p.-43ti

171 908 364 972 observavit
388 911 425 970 et
453 909 686 989 unusquisque
716 907 889 973 concedet.
939 908 1116 971 Pollucem
1145 907 1281 990 quidem
1310 909 1338 971 si

171 1013 244 1093 quis
267 1011 377 1074 solum
392 1011 536 1092 respicit,
559 1010 657 1072 facile
674 1027 714 1072 ec
730 1010 870 1091 perduci
884 1014 1005 1092 potest,
1028 1015 1066 1072 ut
1079 1012 1169 1073 hunc
1186 1010 1339 1074 ordinem

48 1119 49 1128 ’
169 1114 311 1176 rhetoris
341 1131 424 1195 esse,
452 1114 563 1194 ipsum
592 1116 706 1174 autem
733 1113 990 1196 philosophum,
1021 1117 1059 1175 ut
1086 1131 1140 1176 res
1168 1115 1339 1196 requirere

170 1215 303 1278 videtur
318 1221 420 1297 atque
435 1216 634 1277 nostratium
652 1214 861 1278 consuetudo
879 1219 939 1298 est,
962 1215 1004 1278 de
1021 1217 1163 1296 epistata
1179 1216 1337 1279 continuo

46 1337 48 1394 j
170 1321 248 1400 post
268 1321 429 1400 prytanes
453 1319 561 1400 egisse
577 1322 711 1400 statuat.
747 1318 808 1380 sed
832 1319 1027 1381 contionum
1055 1317 1234 1400 descriptio
1263 1338 1338 1400 pry-

45 1511 47 1530 ,
172 1420 305 1484 tanibus
335 1421 495 1486 adiuncta
517 1426 551 1483 et
580 1422 709 1502 optime
730 1421 920 1484 Aristotelis
945 1421 1180 1486 consuetudini
1201 1439 1339 1503 respon-

173 1521 245 1606 det,
286 1543 387 1607 quem
420 1525 620 1606 plerumque
659 1525 709 1586 rei
753 1523 856 1588 modo
902 1528 1187 1588 commemoratae
1229 1526 1302 1588 stat'

45 1653 46 1676 1
173 1627 434 1708 explicationem
457 1627 582 1691 addere
604 1627 759 1711 vidimus,
789 1632 823 1689 11
850 1627 1124 1708 Harpocraticnis
1148 1629 1339 1691 testimonio

172 1730 347 1814 stabilitur,
368 1733 416 1793 its
431 1736 468 1794 ut
484 1732 592 1794 omnis
609 1735 791 1794 evanescat
807 1728 980 1796 dubitatis.
1012 1731 1111 1794 simul
1124 1731 1339 1814 intellegitur,

174 1851 276 1915 quarn
298 1835 404 1896 multa
423 1834 618 1897 Aristotelia
641 1835 743 1897 etiam
764 1834 819 1896 hic
842 1832 933 1915 apud
947 1832 1123 1896 Pollucem
1144 1834 1340 1896 interierint.

172 1942 343 2018 postremo
367 1956 437 2000 non
459 1936 795 2018 praetermittendum
816 1935 959 2016 videtur,
983 1935 1075 2017 quod
1095 1937 1132 1998 in
1155 1955 1224 2000 una
1245 1939 1342 2021 κυρίᾳ

44 2053 45 2060 “
173 2037 326 2124 ἐκκλησίᾳ
350 2057 426 2102 cum
447 2040 588 2104 Polluce
613 2040 779 2102 consentit
800 2038 947 2118 Hesych.
970 2041 1067 2120 κυρία
1089 2037 1257 2122 ἐκκλησίαι
1280 2042 1342 2120 μία

174 2145 270 2225 κυρία
293 2141 446 2226 ἐκκλησία
467 2139 560 2225 ἤγετο
578 2138 761 2225 Ἀθήνησιν,
785 2143 821 2204 ἐν
842 2129 862 2226 ᾗ
884 2139 944 2215 τὰς
961 2136 1065 2222 ἀρχὰς
1087 2143 1342 2225 ἐπιχειροτονεῖν

174 2242 249 2320 ἔδει,
271 2265 350 2309 cum
365 2247 485 2328 reliqui
500 2247 653 2328 plerique
675 2245 731 2308 vel
755 2249 807 2324 (ut
821 2246 930 2326 Phot,
953 2244 1055 2308 schol.
1072 2245 1228 2309 Aeschin.
1251 2247 1267 2308 Ι
1289 2243 1341 2329 60,

174 2350 277 2412 schol.
293 2350 392 2414 Arist.
410 2349 491 2412 Ach.
511 2348 560 2432 19,
583 2349 675 2412 unde
692 2348 798 2427 Suid.)
823 2353 890 2411 tres
912 2351 1025 2430 κυρίας
1047 2347 1217 2432 ἐκκλησίας
1241 2367 1341 2432 agno·

174 2457 270 2516 scant
291 2453 347 2516 vel
370 2451 420 2538 (11
442 2453 545 2516 schol.
575 2453 673 2515 Dein.
696 2451 811 2517 XXIV
833 2447 885 2531 20,
915 2450 1018 2514 schol.
1041 2450 1198 2514 Aeschin.
1221 2452 1270 2516 ΙΠ
1291 2449 1343 2535 24,

44 2539 46 2628 3
175 2556 278 2619 schor.
307 2553 441 2618 Ausus.
477 2555 543 2618 vu.
574 2555 621 2618 m
648 2574 681 2635 p.
716 2552 779 2618 694
806 2552 968 2632 ninuorf)
1003 2555 1037 2616 tn
1072 2556 1343 2622 adversumne

44 2671 46 2677 ‘
177 2659 281 2722 tribus
308 2661 343 2721 in
372 2676 490 2720 mense
514 2657 728 2721 contionibus
756 2656 947 2737 loquantur.
987 2692 1024 2702 -—
1071 2659 1258 2722 ePolluce
1288 2659 1342 2721 de-

175 2763 298 2843 scripta
312 2765 400 2844 sunt,
424 2779 511 2843 quae
526 2761 656 2824 mendis
672 2759 774 2840 plens
787 2760 946 2842 leguntur
961 2759 1050 2841 apud
1066 2761 1169 2826 schol.
1185 2761 1343 2825 Aeschin.

45 2861 46 2916 ζ
174 2865 190 2926 Ι
215 2862 285 2928 104.

723 3032 802 3111 §.sc

263 3172 359 3257 Quae
388 3174 431 3237 de
462 3173 681 3255 apodectis
709 3171 833 3234 Pollux
861 3171 971 3253 tradit,
999 3171 1272 3238 Hemsterhusius
1302 3175 1345 3237 ad

176 3280 208 3340 h.
231 3278 252 3340 l.
278 3296 320 3341 ex
347 3276 530 3341 Aristotele
559 3276 600 3338 ab
629 3275 898 3356 Harpocratione
925 3274 1064 3346 laudato
1094 3276 1232 3348 fluxisse
1260 3279 1344 3342 erbi-

178 3385 281 3442 tratus
311 3385 397 3462 erat,
427 3384 461 3441 et
490 3377 610 3442 eadem
639 3377 806 3440 sententia
833 3377 948 3438 nescio
986 3395 1029 3438 an
1057 3379 1157 3440 fuerit
1182 3379 1346 3444 Boeekhii

178 3481 365 3567 (8111111111
386 3503 418 3564 p.
436 3479 514 3560 215)
540 3485 573 3543 et
587 3480 691 3544 Rosei
713 3499 745 3560 p.
761 3475 834 3540 440.
866 3478 927 3540 sed
941 3479 1066 3542 nullius
1083 3498 1199 3544 earum
1221 3502 1344 3567 rerum,

179 3603 262 3667 quas
289 3585 505 3648 Aristotelem
534 3583 731 3665 exposuisse
759 3581 979 3663 Harpocratic
1010 3586 1058 3665 et,
1089 3585 1146 3665 qui
1174 3588 1274 3648 tacite
1304 3605 1347 3668 ex

179 3687 301 3750 eodem
327 3686 509 3749 Aristotele
536 3688 730 3766 hauserunt,
759 3685 990 3766 lexicographi
1019 3685 1125 3750 Bekk.
1159 3685 1230 3770 198,
1267 3687 1281 3748 1
1314 3693 1348 3750 11

178 3788 316 3874 127,13
345 3793 519 3873 testantur,
547 3792 681 3870 praeter
708 3789 859 3869 ipsorum
886 3789 1142 3870 magistratuum
1169 3808 1347 3854 numerum

48 3945 49 3949 ,
179 3893 234 3955 vel
255 3893 462 3956 levissimum
490 3893 668 3974 vestigium
697 3890 787 3972 apud
815 3891 991 3954 Pollucem
1021 3897 1142 3956 exstat·
1183 3895 1299 3975 itaque
1328 3913 1349 3956 a

179 3997 320 4058 veritate
343 4014 413 4058 non
436 3994 677 4076 aberrabimus,
701 3995 729 4056 si
750 3993 926 4056 Pollucem
955 3993 1058 4056 alium
1081 3999 1264 4078 auctorem,
1288 3997 1348 4060 sed

181 4116 268 4180 eum,
292 4117 368 4161 cum
389 4098 553 4161 Polluces
574 4115 645 4160 non
659 4096 763 4159 modo
788 4114 863 4157 eum
880 4095 1080 4160 Aristoteliis
1102 4116 1173 4182 non
1186 4106 1347 4184 pugnent,

180 4201 241 4264 sed
264 4201 308 4263 ad
338 4203 461 4283 omnia,
490 4219 578 4283 quae
607 4200 650 4262 de
677 4200 728 4261 his
756 4198 858 4262 rebus
885 4199 1029 4278 probata
1056 4200 1231 4284 habemus,
1259 4203 1349 4266 bene

182 4303 357 4386 quadrent,
380 4305 508 4367 bonum
532 4308 634 4385 atque
656 4304 827 4364 vestutum
850 4305 1002 4376 secutmn
1027 4321 1101 4366 esse
1124 4307 1347 4369 statuerimus.

182 4425 283 4488 quem
307 4425 381 4469 esse
403 4409 562 4489 suspicer,
592 4406 703 4468 statim
725 4402 892 4465 indicabo.
940 4423 1016 4465 cum
1044 4423 1125 4468 vero
1156 4424 1199 4468 ex
1220 4407 1348 4489 Harpo-

182 4511 339 4574 craticnis
361 4511 454 4572 fonte
477 4529 594 4573 omnes
617 4510 687 4570 iere
703 4506 874 4570 hauserint
895 4507 1016 4588 reliqui
1031 4511 1248 4594 grammatici,
1273 4528 1349 4573 cum

1146 4619 1162 4672 2
