3194 5136
770 325 811 388 39

214 528 311 608 ράὸες
334 532 388 593 vel
403 529 606 616 γεραιράδες)
626 530 790 614 γεραῖραλτ
815 535 909 615 παρὰ
924 529 1109 616 Ἀθηναίοις
1124 541 1269 616 γυναῖκές
1291 559 1375 613 τινες

211 629 307 715 ἱεραί,
339 629 416 707 tiri
444 631 597 716 βασιλεὺς
624 636 822 718 καθίστησιν
851 635 1051 721 ἰσαρίθμους
1078 644 1146 711 τοϊς
1173 643 1294 722 βωμοῖς
1316 643 1374 704 τοῦ

211 733 380 812 Διονύσου,
405 731 520 798 διὰτί
542 737 704 817 γεραίρειν
725 733 784 799 τὸν
811 737 904 801 θεόν.
950 733 1033 801 οὕτω
1063 738 1233 815 Διονύσιος
1262 737 1374 805 tuta-

211 836 403 921 καρνασειίς,
426 840 575 922 itemque
596 831 741 920 Hesych'.
764 845 914 925 γεραραίε
938 840 1054 925 ἱέρειαι
1076 845 1200 926 κοινῶς,
1229 843 1317 920 ἰδίως
1340 845 1375 908 δὲ

213 938 248 1001 αἱ
268 941 347 1024 παρ’
365 937 553 1025 Ἀθηναίοις
577 941 677 1023 αἱτηῖ
693 941 839 1025 Διονύσῳ
863 947 907 1026 τῷ
930 946 966 1008 ἐν
981 949 1123 1026 Λίμναις
1145 947 1187 1009 τὰ
1210 933 1292 1028 ἱερὰ
1305 949 1373 1010 ἐπι-

212 1042 366 1106 τελοῦσαν
394 1047 438 1126 τῷ
468 1041 603 1128 ἀριθμῷ
632 1043 686 1127 ιδ’,
717 1048 756 1108 cf.
785 1047 852 1109 lex.
881 1048 987 1110 Bekk.
1011 1045 1083 1130 231,
1106 1045 1157 1111 32.
1202 1054 1374 1113 auctorem

214 1147 391 1210 nescimus.
447 1149 518 1210 noli
551 1150 640 1211 enim
672 1152 792 1231 putere
823 1151 1028 1231 Dionysium
1058 1133 1373 1216 Halicarnesensem

212 1248 328 1328 (lexici
354 1249 457 1312 Attici
487 1250 694 1314 conditorem
723 1270 778 1315 me
805 1253 1002 1336 intellegere
1015 1253 1190 1317 'Hadriani
1219 1257 1373 1339 tempori-

211 1351 274 1413 bus
306 1351 482 1416 florentem
515 1353 605 1434 apud
637 1355 762 1435 peritos
790 1373 860 1418 non
894 1360 945 1418 est
970 1355 1193 1436 monendum)
1226 1359 1374 1421 Pollucis

211 1457 384 1518 auctorem
417 1458 534 1539 fuisse,
573 1475 639 1538 quo
676 1458 790 1520 falsius
826 1459 909 1520 nihil
946 1477 1020 1522 esse
1056 1464 1176 1542 potest.
1223 1465 1374 1526 conferes

211 1557 274 1618 hec
297 1557 340 1619 de
361 1576 408 1640 re,
433 1577 520 1640 quse
541 1560 627 1622 infre
650 1558 692 1621 de
714 1561 875 1641 proximis
904 1561 1002 1626 huius
1033 1563 1202 1645 scriptoris
1225 1566 1374 1629 fontibus

213 1659 374 1724 dicentur.

688 1907 702 1979 5
728 1899 904 1965 108-111

295 2056 391 2140 Quae
413 2057 463 2120 his
486 2062 519 2135 §§
551 2061 765 2139 exponuntur
793 2057 906 2139 aliquo
938 2062 1028 2122 certe
1056 2059 1191 2122 vinculo
1220 2060 1307 2122 inter
1335 2079 1372 2123 se

210 2163 401 2243 cohaerent·
432 2165 544 2224 tamen
572 2161 662 2223 hunc
688 2178 799 2223 rerum
831 2160 984 2225 ordinem
1012 2179 1082 2225 non
1104 2163 1176 2225 eius
1200 2180 1283 2246 esse,
1314 2165 1371 2244 qui

208 2265 335 2346 primus
350 2265 434 2326 haec
451 2265 648 2346 composuit,
666 2264 764 2326 facile
780 2267 987 2347 perspicitur.
1013 2284 1075 2348 ego
1092 2265 1279 2329 secundum
1295 2284 1370 2328 eam

212 2368 384 2450 rationem,
409 2386 510 2450 quem
531 2368 566 2429 in
588 2368 651 2429 hac
675 2368 785 2449 operis
810 2372 906 2453 perte
929 2368 1165 2450 componenda
1192 2387 1212 2430 a
1233 2368 1373 2431 Polluce

215 2468 394 2533 adhibitam
424 2487 497 2532 esse
525 2474 645 2552 postea
673 2469 930 2553 demonstrabo,
965 2474 1032 2533 tres
1060 2474 1172 2553 peries
1202 2470 1371 2534 discerno:

212 2569 386 2655 δήμαρχοι,
415 2575 613 2655 ναυκραρία,
648 2569 760 2656 φυλαί.
813 2574 910 2636 tertia
937 2593 1014 2655 pars
1041 2575 1222 2637 interiectis
1249 2575 1372 2657 verbis,

211 2693 297 2758 ques
320 2695 341 2738 e
362 2674 447 2760 φυλή
473 2675 623 2739 derivata
645 2680 731 2758 sunt,
754 2676 931 2739 manifesto
954 2695 1068 2739 rursus
1096 2678 1130 2738 in
1154 2676 1237 2740 dues
1258 2681 1372 2758 partes

210 2777 375 2842 dividitur.
420 2780 576 2861 priorem,
600 2797 688 2860 quae
709 2779 888 2860 phylarum
908 2779 1081 2843 historiam
1110 2780 1267 2861 continet,
1296 2798 1372 2842 cum

209 2879 253 2944 ad
274 2882 440 2964 reliquam
464 2883 697 2963 quaestionem
717 2898 787 2943 non
815 2882 991 2964 pertineat,
1019 2901 1109 2945 nunc
1140 2883 1257 2944 omitto
1280 2883 1372 2949 infre

209 2986 389 3066 separatim
413 2984 456 3048 de
479 3002 520 3046 ea
542 2988 686 3047 acturus.

198 3071 199 3076 ἵ
293 3087 444 3150 Primum
475 3089 575 3170 igitur
603 3087 646 3150 de
680 3087 913 3150 demarchis
949 3090 999 3149 est
1027 3086 1205 3170 egendum.
1257 3087 1371 3148 locum

212 3208 256 3252 ex
277 3191 459 3254 Aristotele
487 3191 624 3255 fluxisse
653 3209 674 3252 e
694 3191 865 3273 plerisque
893 3190 1098 3272 conceditur,
1127 3188 1197 3280 sed
1213 3189 1272 3252 illo
1302 3190 1371 3271 qui-

210 3293 304 3376 dem,
339 3295 447 3378 aiunt,
482 3295 648 3357 erroribus
684 3297 850 3374 corrupto,
894 3294 959 3356 hoc
991 3311 1062 3356 non
1091 3294 1227 3356 omnino
1255 3294 1372 3375 negari

209 3400 331 3479 potest,
365 3401 478 3460 temen
510 3397 594 3460 illud
625 3397 787 3460 iudicium
821 3395 1034 3478 aliquetenus
1066 3395 1266 3458 mutandum
1299 3397 1370 3458 erit.

208 3499 284 3580 ipsa
303 3499 491 3565 Aristotelis
513 3501 618 3564 verbe
641 3501 791 3564 omnium
815 3499 940 3580 optime
969 3500 1114 3561 servavit
1136 3499 1239 3562 schol.
1269 3498 1369 3561 An'st.

207 3602 295 3666 Nub.
308 3601 370 3685 37‚·
383 3605 440 3685 qui
458 3622 498 3666 ee
521 3622 565 3666 ex
579 3598 901 3687 Harpocratione⁴⁶)
918 3601 1070 3664 nondum
1087 3607 1243 3684 corrupto
1267 3606 1371 3664 trans-

208 3706 353 3787 scripsit:
379 3700 722 3790 ...Ἀριστοτέλης
745 3705 779 3768 δὲ
802 3705 877 3787 περὶ
904 3702 1124 3780 Κλεισθένους
1152 3707 1247 3788 φησί·
1276 3726 1371 3786 ,ματ-

208 3813 321 3890 έστησε
332 3809 388 3870 καί
401 3807 582 3892 δημάρχους
596 3807 655 3893 την
666 3803 767 3893 αὐτὴν
782 3805 915 3889 ἔχοντας
927 3805 1117 3888 ἐπιμέλειαν
1127 3813 1195 3882 τοῖς
1209 3803 1371 3889 πρότερον

207 3909 414 3996 ναυκράροις.
458 3911 595 3995 καὶγὰρ
619 3910 693 3983 τοὺς
716 3910 835 3996 ὃημους
857 3905 931 3973 ἀντὶ
952 3913 1159 3995 ναυκραριῶν
1189 3909 1371 3991 ἐποίησιν(6

210 4062 216 4076 .
232 4063 238 4075 .
253 4063 259 4076 .
273 4015 357 4098 quis,
374 4017 555 4099 quaeropsi
570 4016 655 4080 haec
668 4005 797 4098 legerit,
814 4015 909 4079 aliter
924 4017 1026 4096 etque
1040 4013 1163 4076 Pollux
1176 4013 1371 4096 intelleget?

277 4290 316 4357 ⁴⁶)
352 4309 378 4342 v.
407 4283 540 4357 δήμαρχος
567 4293 595 4341 et
623 4279 799 4356 ναυκραρυιὰ.
844 4292 958 4356 apparet
983 4287 1083 4356 igitur,
1116 4301 1199 4354 quum
1231 4286 1370 4338 immerito

207 4380 320 4432 Bekker
338 4392 457 4446 eumque
482 4382 590 4429 secutus
609 4376 732 4428 Dindorf
750 4375 978 4443 Harpocrationis
1001 4373 1085 4427 verbe
1106 4375 1136 4426 in
1159 4374 1214 4425 line
1231 4375 1324 4442 posita
1341 4377 1373 4426 ut

209 4467 304 4536 spuria
322 4467 399 4517 uncis
419 4465 661 4518 circumcluserint.
