3180 5136
755 398 904 498 Q-

252 607 477 689 Zopyricnem
498 606 777 689 Pamphilumque
799 625 819 669 a
837 607 976 670 Vestino
1001 609 1177 690 excerptos
1200 624 1284 688 esse,
1307 606 1413 669 Vesti-

252 729 333 773 num
349 729 369 772 a
383 711 605 793 DiogeniauO,
620 710 868 792 Diogeniauum
884 710 926 774 ab
941 710 1122 790 Hesychia
1155 710 1296 772 fortasse
1312 709 1414 772 etiam

254 830 297 874 ex
332 831 409 876 meo
447 814 609 895 opusculo
647 813 767 896 aliquis
804 809 929 876 fructus
972 813 1016 876 ad
1050 812 1144 876 illam
1182 813 1415 895 quaestionem

253 915 464 998 redundabit,
488 935 588 998 quam
612 919 724 982 tamen
745 917 852 998 ipsam
874 917 1037 980 hocloco
1060 934 1104 978 ne
1126 919 1263 998 tangere
1278 914 1416 996 quidem

252 1018 341 1082 volo.
375 1022 523 1083 ceterum
545 1019 626 1082 mihi
647 1036 717 1083 non
740 1022 790 1081 est
811 1018 1033 1100 improbabile
1055 1018 1228 1082 Pollucem
1250 1035 1320 1080 non
1341 1017 1414 1098 ipso

207 1207 209 1210 Ι
253 1122 428 1204 Pamphilo
462 1141 560 1186 usum
590 1139 673 1204 esse,
707 1120 767 1185 sed
794 1120 924 1186 Vestini
958 1122 1113 1203 epitome.
1155 1121 1225 1184 iam
1256 1120 1356 1202 igitur
1387 1119 1416 1182 si

255 1225 476 1288 demonstrari
502 1228 615 1307 potest
643 1228 774 1288 tantum
795 1241 863 1288 nou
885 1225 921 1287 in
944 1224 1098 1288 omnibus
1120 1223 1221 1287 rebus
1242 1221 1415 1285 Pollucem

256 1347 332 1391 cum
353 1327 522 1409 Hesychia
547 1329 735 1394 consentire
765 1332 807 1410 et,
836 1327 942 1391 sicubi
971 1327 1139 1409 quaedam
1168 1326 1300 1391 diversa
1328 1327 1415 1406 sunt,

226 1467 229 1474 ,
254 1449 321 1512 qua
341 1431 473 1506 ratione
493 1431 529 1493 id
551 1431 676 1494 factum
698 1430 749 1510 sit,
779 1430 808 1492 si
828 1433 940 1512 potest
963 1429 1131 1511 explicari,
1161 1429 1264 1510 nulla,
1287 1427 1415 1509 opinor,

254 1534 296 1597 de
324 1551 401 1596 mea
429 1534 596 1598 sententia
631 1533 792 1597 dubitatio
827 1533 974 1597 restabit.
1024 1531 1107 1596 illud
1136 1532 1248 1596 statim
1275 1532 1328 1594 hic
1359 1529 1415 1594 ad-

251 1639 388 1721 iungam
411 1638 513 1701 etiam
535 1636 578 1700 de
599 1638 649 1720 iis,
679 1655 767 1719 quae
790 1655 964 1719 nunquam
985 1635 1125 1700 Athenis
1149 1635 1345 1716 exstiterint,
1373 1632 1416 1696 de

245 1741 374 1823 'quibus
404 1742 512 1804 omnis
536 1741 742 1822 reliquorum
765 1741 1058 1822 grammaticorum
1080 1739 1178 1803 turba
1199 1738 1287 1802 bene
1309 1737 1415 1818 sileat,

253 1844 423 1925 Hesychio
440 1863 517 1906 cum
531 1844 671 1908 Polluce
692 1843 886 1907 convenire:
911 1844 950 1907 cf.
965 1843 1051 1907 Poll.
1067 1847 1082 1920 ς
1100 1839 1158 1904 101
1180 1840 1362 1921 εἰσαγωγεῖς
1383 1843 1417 1902 61

254 1947 399 2028 Hesych.
429 1943 600 2030 εἰσαγωγὴ,
634 1947 775 2010 fortasse
810 1945 911 2008 etiam
936 1945 1084 2008 Pollucis
1120 1943 1333 2008 dicasterium
1361 1942 1417 2004 ἐπὶ
1462 2015 1465 2022 .

253 2047 352 2130 Λύκῳ
377 2054 410 2112 61
431 2049 591 2130 Hesychii
614 2049 669 2110 ἐπὶ
689 2046 840 2112 Λύκειον.
875 2046 935 2112 sed
958 2052 1058 2113 antea
1081 2048 1226 2112 breviter
1248 2045 1415 2129 quaedam

254 2152 441 2235 praefebor.

338 2307 390 2371 Ac
417 2309 578 2391 primum
595 2308 730 2391 quidem
756 2309 792 2370 iu
820 2311 940 2370 octavo
974 2307 1059 2370 libro
1084 2323 1242 2393 errorem
1269 2305 1416 2368 Pollucis

256 2410 546 2494 deprehendimus
571 2413 637 2495 qui,
660 2411 687 2473 si
708 2410 766 2473 ille
788 2414 961 2473 auctorem
975 2410 1102 2481 Atticas
1118 2409 1332 2491 antiquitates
1347 2426 1415 2471 uno

257 2518 373 2577 tenore
389 2513 633 2579 describentem
650 2512 864 2595 adhibuisset,
887 2513 945 2574 vix
963 2516 1079 2594 posset
1100 2498 1268 2594 explicari.
1305 2528 1417 2594 neque

170 2637 175 2652 ·
255 2617 345 2678 enim
379 2618 506 2678 tantam
538 2616 785 2699 neglegentiam
816 2614 873 2678 vel
904 2619 1034 2678 tantum
1067 2619 1239 2697 stuporem
1270 2613 1417 2677 Pollucis

255 2720 356 2782 fuisse
377 2721 575 2803 putaverim,
598 2724 635 2782 ut
658 2737 700 2782 ex
719 2711 1275 2799 611616011166610161ἳβριστοδίκας
1291 2712 1414 2796 (5126)

254 2823 290 2885 in
312 2824 566 2906 magistratuum
587 2840 764 2886 numerum
786 2822 959 2904 reciperet.
994 2822 1104 2904 potuit
1126 2825 1240 2886 autem
1261 2821 1414 2883 facillime

254 2928 289 2989 in
311 2922 401 2990 hunc
424 2945 570 2991 errorem
591 2926 715 3009 induci,
738 2927 766 2988 si
787 2924 922 2988 lexicon
946 2924 1134 2988 evolvebat.
1165 2924 1291 2987 scilicet
1312 2923 1417 2987 altera

128 3110 136 3122 .
256 3030 414 3094 vocabuli
445 3035 541 3112 parte
572 3030 732 3112 deceptus
767 3033 825 3092 est.
876 3014 978 3126 saepe
1011 3026 1133 3090 deinde
1167 3027 1417 3092 observavimus

256 3138 421 3216 auctores,
452 3135 509 3216 qui
537 3134 704 3197 coniuncti
733 3133 768 3195 in
795 3131 867 3195 aliis
895 3131 1012 3194 lexicis
1040 3131 1096 3192 vel
1124 3130 1257 3194 schohis
1281 3146 1417 3212 appare-

255 3236 347 3320 bant,
371 3237 509 3300 eosdem
533 3236 767 3301 coniunctione
788 3252 858 3299 nou
881 3234 991 3297 soluta
1014 3234 1115 3296 etiam
1136 3232 1226 3316 apud
1243 3233 1418 3296 Pollucem

258 3346 399 3404 exstare.
444 3341 590 3404 maxime
619 3341 684 3403 hoc
718 3337 861 3401 vidimus
896 3338 1017 3401 collato
1051 3336 1326 3419 Harpocratione,
1361 3335 1418 3416 qui

256 3445 329 3528 ipse
363 3462 499 3528 quoque
533 3448 623 3507 certe
655 3443 761 3506 multa
794 3441 928 3506 scholiis
962 3439 1005 3503 ad
1040 3444 1188 3504 oratores
1222 3437 1416 3519 conscriptis

257 3548 368 3612 debet.
413 3550 486 3631 quis
508 3565 588 3611 vero
614 3546 728 3611 credat
748 3545 924 3610 Pollucem
946 3542 990 3606 ad
1012 3563 1110 3606 suum
1132 3540 1220 3624 opus
1240 3541 1415 3604 conficien-

258 3652 339 3715 dum
360 3653 434 3734 ipsa
455 3650 583 3713 scholia
605 3647 726 3712 adiisse
744 3651 778 3710 61
794 3665 837 3709 ex
851 3647 901 3710 his
918 3664 1022 3729 opera
1034 3645 1306 3726 laboriosissima,
1330 3661 1417 3726 quae

258 3755 301 3819 ad
328 3753 542 3836 antiquitates
570 3754 728 3834 lacerent,
757 3750 1018 3832 conquisivisset
1064 3747 1219 3831 exemplo
1242 3749 1284 3810 sit
1306 3751 1321 3824 §
1346 3742 1417 3829 128,

257 3859 292 3921 iu
315 3876 382 3940 qua
405 3856 448 3920 de
468 3853 599 3938 κύρβεσι
623 3861 656 3919 61
677 3849 771 3930 ἄξοσι
793 3853 908 3935 agitur.
952 3853 1136 3916 rectissime
1161 3852 1197 3914 in
1224 3851 1417 3913 universum

257 3961 349 4024 Rose
373 3979 406 4042 p.
430 3958 493 4024 414
516 3978 564 4043 sq.
595 3958 734 4040 exponit
761 3974 804 4019 ex
831 3954 970 4037 Didymi
996 3955 1107 4018 lexico
1137 3955 1265 4018 comico
1295 3954 1417 4035 omnia,

259 4081 346 4146 quae
374 4064 408 4126 in
436 4063 554 4126 lexicis
581 4084 612 4127 v.
634 4059 760 4144 κύρβεις
789 4065 822 4122 61
853 4061 889 4122 in
921 4059 1055 4123 scholiis
1084 4061 1225 4140 exstant,
1260 4060 1419 4138 excerpta

246 4165 372 4229 videri.
417 4184 528 4250 neque
557 4167 666 4228 miuus
693 4167 785 4228 recte
813 4163 919 4227 addit:
956 4212 974 4246 „
988 4167 1136 4226 ceterum
1163 4160 1206 4223 de
1234 4160 1354 4222 eadem
1380 4177 1418 4221 16

259 4271 392 4352 saepius
414 4271 449 4333 in
473 4269 720 4334 commentariis
741 4266 926 4348 Didymum
949 4267 1057 4349 egisse
1079 4264 1173 4328 vides
1196 4281 1239 4326 ex
1260 4262 1362 4344 Harp.
1384 4282 1417 4344 p.

262 4371 332 4456 136,
357 4370 396 4434 10
427 4377 470 4452 [v.
494 4368 513 4436 ὃ
534 4369 690 4435 κάτωθεν
716 4367 840 4452 νόμος],
872 4369 933 4434 ubi
966 4373 1000 4432 61
1031 4369 1156 4431 lemma
1189 4371 1223 4429 et
1255 4367 1419 4430 scholium

261 4475 398 4544 ductum
421 4480 472 4541 est
494 4493 513 4540 e
534 4475 672 4558 Didymi
695 4474 935 4538 commentario
964 4471 1008 4537 ad
1035 4471 1208 4536 Demosth.
1233 4470 1419 4536 orationem
