3180 5136
698 417 849 516 *73—
927 375 930 388 .

192 626 403 706 ficatione⁸⁶J
433 627 626 709 simpliciter
656 623 695 688 τὸ
724 624 931 708 δικαστήριον
957 625 1207 706 intellegamus,
1240 623 1274 686 id
1304 626 1354 686 est

191 749 297 792 unam
321 749 341 792 e
363 730 481 793 decem
502 731 669 812 partibus,
694 731 730 792 in
758 748 840 812 quas
868 733 946 810 post
974 747 1120 792 annuam
1147 727 1354 790 sortitionem

191 832 319 897 iudices
342 832 634 896 distribuebantur.
678 833 765 894 hanc
792 832 1101 914 interpretationem
1130 831 1231 893 ctiam
1252 831 1353 893 totius

191 935 258 1000 loci
279 937 363 1000 ratio
386 937 503 1018 poscit.

276 1039 409 1102 Transit
429 1039 552 1102 Pollux
575 1039 617 1102 ad
639 1040 739 1101 ritum
761 1038 942 1102 sententiae
965 1036 1103 1118 ferendi,
1131 1053 1219 1118 quae
1242 1035 1354 1098 omnia

191 1160 299 1224 usque
322 1142 365 1205 ad
387 1142 544 1205 lacunam
557 1142 745 1205 Aristotelis
763 1145 849 1204 sunt.
881 1142 919 1204 cf.
936 1141 1037 1222 Harp.
1053 1144 1288 1222 τετρυπημένηε

186 1239 461 1327 Ἀριστοτέλης
483 1245 519 1307 ἐν
536 1239 719 1326 Ἀθηναίων
741 1243 892 1328 πολιτείηι
907 1241 1026 1326 γράφει
1040 1244 1149 1304 ταυτίε
1172 1245 1304 1325 ,,ψήφοι
1319 1240 1355 1303 δέ

192 1345 256 1408 είσι
282 1345 415 1426 χαλκαῖ,
446 1342 600 1410 αὐλίσκον
628 1345 760 1428 ἔχουσαι
788 1348 824 1408 έν
851 1348 898 1428 τῷ
924 1351 1030 1427 μέσῳ,
1061 1343 1097 1407 αἱ
1123 1347 1183 1425 μέν
1210 1339 1355 1428 ἡμίσειαι

193 1456 440 1532 τετρυπημέυαι,
464 1448 501 1512 αί
521 1448 556 1513 δὲ
577 1445 722 1533 ἡμίσειαι
743 1447 894 1533 πλήρεις.
934 1446 967 1510 οί
988 1448 1023 1510 δὲ
1044 1446 1198 1529 λαχόντες
1220 1447 1275 1509 ἐπὶ
1295 1446 1355 1520 τὰς

195 1552 343 1636 ψήφους,
367 1552 502 1616 ἐπειδάν
526 1552 688 1636 εἰρημένοι
710 1540 789 1616 ὦσιν
804 1549 838 1614 οἱ
850 1549 950 1634 λόγοι,
973 1548 1214 1633 παραδιδόασιν
1228 1547 1353 1630 ἑκάστῳ
1396 1623 1398 1630 Ι

193 1658 260 1720 τῶν
297 1654 457 1719 δικαστῶν
493 1658 529 1739 β’
570 1653 717 1739 ψήφους,
765 1659 1007 1740 τετρυπημένην
1050 1654 1105 1716 καὶ
1147 1651 1252 1736 πλήρη
1292 1675 1354 1735 φα-

192 1755 290 1838 νεράς
309 1753 392 1842 δρᾶν
404 1765 473 1833 τοῖς
488 1754 672 1841 ἀντιδίκοις,
694 1755 749 1820 ἵνα
767 1756 848 1841 μήτε
864 1755 997 1841 πλήρεις
1018 1755 1097 1840 μήτε
1118 1754 1225 1838 πάντη
1246 1776 1354 1836 τετρυ-

192 1868 339 1945 πημένας
362 1860 605 1944 λαμβάνωσιν.“
652 1879 739 1942 quae
761 1861 811 1924 his
834 1861 1062 1924 succedebant
1084 1858 1174 1941 apud
1195 1859 1354 1922 Aristote-

191 1966 269 2046 lem,
298 1965 400 2028 habet
427 1964 493 2028 lex,
524 1963 618 2028 Cant.
647 1986 678 2026 v.
706 1961 777 2026 ἴσαι
809 1961 847 2025 αί
877 1966 997 2046 ψῆφοι.
1042 1962 1164 2026 deinde
1198 1980 1355 2043 compara

193 2067 296 2130 schol.
312 2067 411 2130 Arist.
426 2068 536 2150 equit.
556 2065 637 2129 1150
659 2062 759 2149 κημὸς
781 2061 799 2128 ό
822 2067 877 2128 ἐπὶ
898 2069 956 2128 τοῦ
978 2064 1143 2148 καδίσκου,
1170 2061 1215 2137 είς
1237 2061 1275 2127 όν
1296 2061 1355 2138 τάς

191 2169 326 2253 ψήφους
347 2172 512 2232 καθίεσαν
534 2171 570 2231 έν
591 2175 661 2243 τοῖς
684 2169 909 2251 δικαστηρίοις.
953 2172 1112 2250 Κρατῖνος
1139 2167 1174 2229 δὲ
1196 2162 1297 2230 αὐτόν
1319 2169 1354 2228 έν

191 2270 317 2351 Νόμοις
346 2275 507 2353 σχοίυινον
532 2268 647 2356 ήθμδν
674 2272 771 2335 καλεῖ
788 2318 793 2332 .
813 2320 844 2334 ..
879 2265 1016 2353 ὕστερον
1045 2270 1080 2333 δὲ
1108 2266 1268 2353 ἀμφορεῖς
1297 2270 1354 2336 δόο

193 2372 325 2438 ἵσταντο
348 2376 474 2450 ἐντοῖς
496 2374 723 2457 δικαστηρίοις,
747 2371 765 2438 ό
787 2379 848 2454 μέν
869 2374 1018 2456 χαλκοῦς,
1042 2368 1059 2437 δ
1083 2373 1118 2436 δέ
1139 2371 1277 2448 ξύλινος,
1300 2376 1355 2437 καὶ

195 2471 212 2538 ό
234 2481 292 2556 μέν
313 2474 423 2560 κόριος
443 2466 492 2561 ἦν,
516 2473 533 2541 ὁ
558 2477 586 2540 δ’
613 2473 748 2559 ἄκυρος.
778 2475 844 2558 ἔχει
867 2477 971 2540 δὲκαὶ
987 2471 1004 2540 ό
1020 2476 1174 2557 χαλκοῦς,
1198 2471 1240 2552 ὥς
1255 2496 1355 2561 φησιν

188 2574 475 2663 Ἀριστοτέλης,
510 2581 752 2663 διερρινημένον
786 2582 934 2661 ἐπίθεμα
973 2579 1019 2654 είς
1046 2577 1083 2642 τό
1119 2575 1219 2659 αὐτήν
1251 2579 1355 2666 μόνην

191 2681 250 2766 τήν
271 2685 388 2774 ψήφου
409 2685 669 2746 καθίεσθαι...
692 2703 773 2746 nam
794 2682 896 2746 κάδον
919 2701 1055 2766 quoque
1078 2686 1111 2746 et
1139 2685 1240 2767 κημόν
1263 2685 1353 2766 apud

190 2787 363 2849 Pollucem
392 2787 464 2850 sine
494 2787 596 2850 dubio
624 2787 797 2851 Aristoteli
825 2788 972 2851 tribuere
1000 2786 1179 2870 debemus,
1216 2806 1292 2851 aum
1321 2793 1354 2851 et

189 2889 427 2972 praecedentia
450 2894 483 2952 et
504 2891 717 2972 insequentia
738 2891 836 2953 huius
858 2891 1003 2954 auctoris
1025 2891 1091 2953 sint
1113 2895 1215 2973 atque
1233 2891 1354 2954 similia

192 2995 293 3056 etiam
314 2995 348 3056 in
372 2994 474 3056 schol.
498 2993 597 3056 Arist.
621 2992 836 3076 praecedant,
866 2995 928 3056 etsi
948 2993 996 3058 ibi
1019 2993 1206 3056 Aristotelis
1228 3012 1353 3058 nomen

191 3099 311 3178 postea
333 3096 468 3159 demum
491 3096 624 3162 additur
647 3101 681 3160 et
703 3101 880 3179 poetarum
901 3098 1026 3160 mentio
1048 3097 1261 3160 immiscetur.

275 3225 493 3307 Mysticorum
514 3227 715 3290 iudiciorum
737 3227 875 3290 'rationis
897 3244 983 3289 unus
1006 3226 1130 3289 Pollux
1158 3231 1275 3290 auctor
1303 3233 1353 3292 est

191 3328 312 3391 eodem
339 3330 453 3392 nescio
483 3347 550 3412 quo
580 3331 673 3392 fonte
701 3349 797 3411 usus,
826 3329 917 3392 unde
945 3329 1100 3418 breviora
1129 3329 1265 3411 quidem
1293 3331 1352 3394 sed

190 3449 300 3513 paene
322 3431 365 3494 ad
387 3432 528 3534 verbum
552 3432 770 3514 congruentia
791 3432 912 3494 hausta
933 3435 1010 3494 sunt
1031 3433 1066 3494 in
1089 3437 1104 3509 §
1130 3430 1199 3495 141.

276 3560 441 3642 κιγκλίδες.
470 3562 574 3624 verbo
599 3566 695 3624 tenus
720 3561 888 3642 conspirat
900 3559 1002 3641 Harp.
1026 3557 1159 3638 κιγκλίς;
1181 3565 1353 3645 Δημοσθέ-

190 3686 245 3747 νης
279 3665 315 3726 έν
348 3665 393 3744 τῷ
425 3667 496 3726 κατ’
522 3659 805 3744 Ἀριστογείτονος.
851 3659 889 3723 αἱ
914 3664 979 3724 τῶν
1008 3660 1223 3745 δικαστηρίων
1248 3663 1354 3744 θύραι

190 3765 345 3848 κιγκλίδες
367 3764 564 3829 ἐκαλοῦντο·
586 3762 827 3849 Ἀριστοφάνης
849 3789 877 3829 κ.
893 3788 920 3826 τ.
938 3762 965 3826 λ.
1001 3765 1072 3828 noh'
1087 3771 1199 3829 autem
1216 3767 1353 3831 credere

191 3869 455 3934 additamentum
483 3869 566 3932 illud
593 3865 632 3944 δὶς
648 3865 804 3950 Ῥωμαῖοι
825 3866 1049 3950 καγκελλωτάς
1071 3867 1219 3951 λέγουσιν
1240 3872 1351 3935 Pollu·

192 3992 265 4036 cem
288 3973 331 4036 de
353 3990 414 4036 suo
442 3972 643 4037 adiunxisse.
687 3972 797 4037 bonus
827 3975 958 4055 auctor,
987 3971 1022 4034 id
1052 3971 1143 4055 quod
1170 3975 1205 4036 in
1231 3975 1353 4038 misera

189 4077 374 4140 litterarum
403 4075 608 4139 Graecarum
635 4077 732 4140 ruina
761 4076 793 4138 ei
820 4075 964 4138 eximiae
991 4074 1084 4138 laudi
1109 4077 1279 4160 vertimus,
1308 4097 1352 4142 ne

260 4383 297 4450 ⁸⁶)
332 4383 396 4452 loci,
420 4399 490 4452 quos
514 4383 630 4452 protulit
651 4383 825 4435 Schoemann
848 4382 906 4438 Aa.
929 4385 1006 4437 Prae.
1029 4401 1056 4453 p.
1076 4385 1126 4438 144
1148 4390 1206 4439 not.
1224 4386 1266 4457 36,
1289 4405 1351 4441 cum

189 4475 298 4539 praeter
321 4469 436 4538 Antiph.
454 4469 541 4523 v121
565 4485 622 4522 non
647 4485 682 4522 ex
705 4471 774 4537 ipsis
798 4472 964 4540 oratoribus,
988 4470 1037 4524 sed
1060 4487 1076 4523 a
1098 4473 1226 4528 formulis
1248 4477 1351 4545 sumpti

190 4559 253 4627 sint,
272 4557 370 4612 saltam
387 4559 630 4627 grammaticorum
648 4556 722 4609 hunc
739 4571 846 4610 morem
864 4559 950 4612 fuisse
967 4558 1094 4627 probant
