3194 5136
698 427 850 527 —29—

189 640 277 700 inter
300 655 417 702 omnes
447 641 578 700 constat
599 638 764 700 Demetrii
791 637 1003 700 Phalerensis
1034 639 1187 718 tempore
1214 634 1359 720 νομοφύ-

191 739 294 814 λακας
318 742 494 822 exstitisse,
520 759 663 822 quorum
686 741 796 803 officie
816 741 967 822 inprimis
989 741 1085 802 Phot.
1107 761 1138 802 v.
1163 737 1196 801 οἱ
1216 737 1359 822 νομοφύ-

192 841 289 918 λακες
312 841 478 906 describit.
502 842 537 904 id
561 860 698 924 quoque
714 859 832 904 omnes
856 841 1047 906 concedunt
1068 842 1131 905 hos
1146 843 1360 924 magistratus

193 965 213 1010 a
239 945 412 1008 Demetrio
441 945 498 1007 vel
525 945 694 1008 institutos
727 962 801 1008 esse
835 944 892 1007 vel
918 946 1090 1008 restitutos
1118 944 1175 1007 vel
1207 962 1298 1008 nova
1327 949 1361 1007 et

191 1050 319 1114 maiore
333 1051 502 1130 potestate
516 1045 757 1126 instructos.³⁶)
788 1046 889 1110 tradit
904 1051 1018 1110 autem
1033 1048 1087 1111 hic
1097 1047 1221 1110 Pollux
1238 1047 1360 1110 eodem

191 1151 364 1214 Demetrio
387 1150 632 1232 rempublicam
656 1150 909 1214 administrante
933 1153 1067 1232 (parum
1088 1153 1181 1212 recte
1195 1150 1300 1214 Meier
1315 1149 1357 1212 ad

192 1254 258 1316 lex.
283 1251 378 1316 Cant.
402 1274 432 1314 v.
461 1251 644 1334 εἰσαγγελία
673 1253 758 1315 haec
787 1251 830 1315 ad
857 1253 1022 1316 Demetrii
1049 1252 1173 1316 librum
1200 1255 1276 1334 περὶ
1304 1255 1360 1336 τῆς

186 1351 344 1440 Ἀθήνησι
376 1357 580 1436 νομοθεσίας
601 1355 770 1418 rettulisse
803 1355 952 1435 videtur)
991 1353 1225 1438 νομοφύλακας
1258 1357 1360 1419 fuisse

194 1477 263 1541 eos,
287 1459 344 1540 qui
367 1462 467 1521 antea
490 1455 524 1521 οί
544 1457 670 1520 ἕνδεκα.
714 1460 830 1540 itaque
853 1462 911 1522 aut
932 1460 1066 1540 utrique
1093 1459 1360 1542 nomophylaoes

190 1561 294 1625 iidem
326 1563 461 1625 fuerunt
494 1566 553 1624 aut
587 1561 654 1625 duo
691 1558 844 1625 eiusdem
876 1563 1021 1626 nominis
1054 1562 1268 1644 magistratus
1302 1580 1358 1624 ex·

192 1665 354 1728 stiterunt.
398 1663 482 1727 illud
505 1668 643 1747 propter
667 1666 852 1727 officiorum
883 1668 917 1726 et
932 1652 1167 1727 'diversitatem
1195 1668 1229 1726 et
1250 1665 1360 1727 multi-

192 1766 343 1830 tudinem
366 1767 423 1830 vix
447 1766 539 1830 credi
561 1771 684 1849 potest,
706 1768 772 1830 hoe
789 1772 902 1830 autem
926 1771 959 1829 et
980 1769 1091 1849 ipsum
1105 1785 1166 1849 per
1188 1784 1225 1830 se
1239 1785 1360 1848 parum

109 1904 111 1910 ·
191 1868 368 1951 probabile
397 1869 470 1933 solo
500 1868 647 1933 Pollucis
685 1871 874 1933 testimonio
909 1871 1148 1952 incertissimo,
1182 1874 1220 1932 ut
1249 1870 1322 1933 stat'

192 1972 396 2054 videbimus,
436 1973 560 2035 nititur.
612 1965 749 2036 aliunde
789 1974 879 2036 enim
913 1975 1072 2040 certiores
1111 1973 1209 2036 fimus
1242 1990 1362 2036 revera

193 2074 429 2138 undecimviris
458 2080 579 2157 postea
606 2093 732 2139 novum
761 2094 887 2138 nomen
916 2075 1059 2139 inditum
1088 2093 1173 2158 esse,
1208 2075 1360 2140 sednon

192 2177 490 2260 nomophylacum,
512 2179 616 2242 immo
640 2178 746 2240 multo
770 2179 896 2260 aptius:
921 2178 1024 2242 schol.
1041 2179 1141 2242 Arist.
1157 2179 1258 2260 Vesp.
1279 2175 1361 2242 1108

191 2268 266 2355 τούς
294 2279 421 2360 δνδεκο]
451 2279 587 2364 ἐτήρουν
610 2278 678 2344 οἵδε
705 2277 782 2356 τοὺς
804 2279 1004 2362 δεδεμένους.
1038 2271 1187 2346 οὗτοοδὲ
1208 2284 1267 2345 νύν
1281 2283 1360 2344 θεσ-

193 2382 382 2466 μοφύλακες
417 2382 613 2461 καλοῦνταις
651 2384 755 2448 schol.
782 2385 880 2448 Dem.
910 2385 1024 2448 XXIV
1055 2381 1098 2448 80
1125 2383 1243 2448 ἕνδεκα
1275 2382 1361 2465 λέγει

194 2482 268 2550 άντὶ
290 2490 355 2550 τῶν
378 2485 646 2571 δεσμοφυλάκων,
670 2489 772 2552 schol.
797 2488 893 2552 Dem.
917 2488 1016 2551 XXH
1037 2485 1081 2549 26
1109 2493 1177 2562 τοῖς
1206 2482 1363 2571 ἄρχουσιν

194 2589 291 2668 (dicit
323 2593 438 2652 autem
459 2591 708 2655 Demosthenes
740 2590 1003 2668 undecimviros)
1037 2591 1172 2674 ἐφηγοῦ]
1208 2584 1362 2674 ἄρχοντες

192 2695 254 2774 μὲν
281 2689 431 2772 λέγονται
459 2692 581 2767 πάντες
618 2692 651 2757 οἱ
683 2693 983 2776 μεταχειριζόμενοι
1013 2689 1115 2777 ἀρχήν
1149 2713 1239 2758 τινα·
1274 2688 1361 2776 ὅμως

195 2791 475 2878 άπροσδιορίστως
488 2791 650 2878 ἄρχοντας
665 2795 805 2860 ἐκάλουν
820 2795 879 2880 τὴν
894 2792 997 2880 ἀρχὴν
1011 2798 1076 2859 τῶν
1092 2794 1359 2880 δεσμοφυλάκων.

194 2891 276 2982 αὕτη
299 2897 334 2960 δὲ
355 2884 396 2983 ἦν
418 2895 476 2961 τὸν
499 2893 648 2982 ἀριθμὸν
671 2898 714 2962 ια’
739 2895 864 2982 ἄνδρες.
909 2901 1081 2962 1110011011
1109 2901 1182 2962 sine
1203 2899 1359 2982 probabi-

192 3001 287 3064 litate
302 3001 444 3065 efficitur
464 2998 542 3076 τοὺς
557 3001 674 3064 ἕνδεκα
688 3004 827 3066 1101111110
850 3022 870 3066 a
885 3003 1055 3066 Demetrio
1070 3002 1266 3066 Phalerensi
1288 3023 1358 3064 mua

193 3108 262 3168 1010
288 3108 414 3188 (neque
438 3107 527 3168 enim
551 3109 611 3189 est,
636 3123 695 3170 0111
715 3107 751 3170 111
773 3107 838 3169 hae
861 3124 998 3188 quoque
1020 3122 1057 3168 re
1078 3105 1210 3170 Polluci
1233 3104 1358 3170 diffide·

194 3210 283 3286 mus)
307 3205 559 3290 δεσμοφύλακας
589 3209 660 3287 (vel
689 3208 781 3291 quod
809 3210 913 3272 errori
940 3208 1057 3272 deberi
1084 3205 1362 3288 1100101110μο-

194 3307 359 3391 φύλακας)
377 3310 566 3392 appellatos
583 3328 666 3374 esse.
698 3315 742 3395 at,
765 3313 908 3394 inquies,
933 3311 1126 3392 conspirant
1141 3311 1261 3393 reliqui
1285 3329 1362 3374 oum

193 3411 333 3475 Polluce
365 3413 400 3475 iu
433 3414 598 3496 scriptura
629 3413 876 3497 νομοφυλακίσυ
913 3413 1062 3494 ideoque
1095 3413 1278 3476 verisimile
1313 3419 1363 3478 est

195 3515 295 3576 etiam
320 3516 462 3577 carceris
486 3520 657 3579 curatores
671 3517 864 3579 nominatos
888 3517 989 3578 fuisse
1011 3513 1257 3600 νομοφύλακας.
1302 3515 1362 3580 sed

193 3617 241 3679 ita
262 3618 402 3679 11110100
418 3619 611 3699 conspirant
627 3636 744 3682 omnes
768 3622 886 3700 (supra
901 3635 960 3682 eos
976 3617 1098 3701 attuli),
1122 3621 1159 3680 ut
1181 3636 1225 3680 ex
1241 3619 1362 3681 eodem

194 3720 287 3782 fonte
300 3735 411 3801 eoque
428 3721 496 3782 iam
507 3721 638 3801 impuro
652 3738 711 3784 eos
728 3721 864 3784 fluxisse
875 3723 1090 3784 manifestum
1102 3723 1153 3784 sit.
1184 3739 1263 3783 narn
1274 3740 1362 3784 unus

194 3822 298 3904 testie,
333 3824 390 3903 qui
424 3822 560 3885 aliunde
593 3823 727 3886 videtur
760 3825 923 3907 originem
951 3824 1086 3906 ducere,
1120 3842 1189 3886 non
1224 3822 1361 3885 exhibet

194 3922 458 4008 νομοφυλακίου;
483 3925 586 3989 schol.
610 3925 745 3990 Aristid.
769 3927 835 3989 vol.
860 3927 908 3990 III
929 3947 961 4008 p.
986 3925 1026 3988 65
1049 3926 1208 3990 Dindorf:
1239 3919 1282 4001 ὥς
1304 3928 1360 3988 καλ

193 4025 356 4110 χαράνιον
382 4022 401 4112 ἡ
432 4030 490 4091 τοῦ
520 4026 740 4111 δεσμωτηρίου
768 4026 895 4111 ἐλέγετο
923 4028 1031 4113 θύρα·
1067 4023 1127 4112 ἀφ’
1154 4017 1191 4112 ἧς
1219 4026 1253 4092 οἱ
1280 4026 1363 4110 πρὸς

194 4128 341 4213 Χάρωνα
365 4125 519 4212 ἀγόμενοι
533 4134 600 4193 τῶν
613 4129 808 4207 καταδίκων,
830 4128 1049 4195 τουτέστινοὲ
1068 4128 1127 4214 τὴν
1142 4131 1198 4194 rat
1220 4128 1361 4214 θανάτῳ

195 4230 374 4314 δεχόμενοι·
391 4235 518 4317 ψῆφον,
547 4228 659 4319 ᾔεσαν.
711 4237 813 4315 atque
841 4235 876 4296 in
906 4235 1115 4315 certatione,
1146 4251 1247 4315 quam
1276 4235 1363 4297 inter

193 4335 368 4398 Pollucem
383 4335 659 4417 Hesychiumque
676 4336 886 4399 intercedere
901 4338 987 4398 infra
1001 4333 1201 4420 videbimus,
1225 4338 1362 4399 minime

265 4558 302 4627 ⁵⁵)
338 4559 392 4612 1100
409 4559 533 4628 Philippi
552 4558 710 4614 arbitratur.
