<?xml version="1.0" encoding="UTF-8"?>
<!DOCTYPE html PUBLIC "-//W3C//DTD XHTML 1.0 Transitional//EN"
    "http://www.w3.org/TR/xhtml1/DTD/xhtml1-transitional.dtd">
<html xmlns="http://www.w3.org/1999/xhtml" xml:lang="en" lang="en">
 <head>
  <title>
</title>
<meta http-equiv="Content-Type" content="text/html;charset=utf-8" />
  <meta name='ocr-system' content='tesseract 3.04.00' />
  <meta name='ocr-capabilities' content='ocr_page ocr_carea ocr_par ocr_line ocrx_word'/>
</head>
<body>
  <div class='ocr_page' id='page_1' title='image "./deiuliipollucis00stojgoog_0065.png"; bbox 0 0 3180 5136; ppageno 0'>
   <div class='ocr_carea' id='block_1_1' title="bbox 748 388 900 487">
    <p class='ocr_par' dir='ltr' id='par_1_1' title="bbox 748 388 900 487">
     <span class='ocr_line' id='line_1_1' title="bbox 748 388 900 487; baseline 0 -37"><span class='ocrx_word' id='word_1_1' title='bbox 748 388 900 487; x_wconf 28' lang='grc'><strong>*5-6*-</strong></span> 
     </span>
    </p>
   </div>
   <div class='ocr_carea' id='block_1_2' title="bbox 712 588 931 672">
    <p class='ocr_par' dir='ltr' id='par_1_2' title="bbox 712 588 931 672">
     <span class='ocr_line' id='line_1_2' title="bbox 712 588 931 672; baseline -0.009 -16"><span class='ocrx_word' id='word_1_2' title='bbox 712 601 727 672; x_wconf 78' lang='lat' dir='ltr'>t</span> <span class='ocrx_word' id='word_1_3' title='bbox 753 588 931 657; x_wconf 82' lang='lat'>114-115</span> 
     </span>
    </p>
   </div>
   <div class='ocr_carea' id='block_1_3' title="bbox 242 713 1411 1084">
    <p class='ocr_par' dir='ltr' id='par_1_3' title="bbox 242 713 1411 1084">
     <span class='ocr_line' id='line_1_3' title="bbox 328 713 1409 796; baseline -0.001 -18"><span class='ocrx_word' id='word_1_4' title='bbox 328 717 486 778; x_wconf 91' lang='lat' dir='ltr'>Ducum</span> <span class='ocrx_word' id='word_1_5' title='bbox 509 715 657 792; x_wconf 89' lang='lat' dir='ltr'>nomina,</span> <span class='ocrx_word' id='word_1_6' title='bbox 681 732 768 795; x_wconf 91' lang='lat' dir='ltr'>quae</span> <span class='ocrx_word' id='word_1_7' title='bbox 791 715 825 776; x_wconf 88' lang='lat' dir='ltr'>in</span> <span class='ocrx_word' id='word_1_8' title='bbox 848 714 1026 796; x_wconf 44' lang='lat' dir='ltr'>principio,</span> <span class='ocrx_word' id='word_1_9' title='bbox 1040 713 1241 794; x_wconf 81' lang='lat' dir='ltr'>paragraphi</span> <span class='ocrx_word' id='word_1_10' title='bbox 1265 718 1409 796; x_wconf 88' lang='lat' dir='ltr'>exstant,</span> 
     </span>
     <span class='ocr_line' id='line_1_4' title="bbox 242 815 1411 898; baseline -0.002 -18"><span class='ocrx_word' id='word_1_11' title='bbox 242 821 325 898; x_wconf 90' lang='lat' dir='ltr'>puto</span> <span class='ocrx_word' id='word_1_12' title='bbox 347 816 523 880; x_wconf 80' lang='lat' dir='ltr'>Pollucem</span> <span class='ocrx_word' id='word_1_13' title='bbox 547 833 566 877; x_wconf 92' lang='lat' dir='ltr'>e</span> <span class='ocrx_word' id='word_1_14' title='bbox 587 817 750 878; x_wconf 90' lang='lat' dir='ltr'>memoria</span> <span class='ocrx_word' id='word_1_15' title='bbox 772 815 961 897; x_wconf 88' lang='lat' dir='ltr'>protulisse.</span> <span class='ocrx_word' id='word_1_16' title='bbox 1004 819 1137 896; x_wconf 90' lang='lat' dir='ltr'>praeter</span> <span class='ocrx_word' id='word_1_17' title='bbox 1158 815 1320 898; x_wconf 86' lang='lat' dir='ltr'>lochagos</span> <span class='ocrx_word' id='word_1_18' title='bbox 1341 817 1411 878; x_wconf 90' lang='lat' dir='ltr'>iam</span> 
     </span>
     <span class='ocr_line' id='line_1_5' title="bbox 243 914 1411 1002; baseline -0.001 -22"><span class='ocrx_word' id='word_1_19' title='bbox 243 920 401 1002; x_wconf 87' lang='lat' dir='ltr'>leguntur</span> <span class='ocrx_word' id='word_1_20' title='bbox 429 924 444 995; x_wconf 71' lang='lat'>5</span> <span class='ocrx_word' id='word_1_21' title='bbox 472 915 530 1000; x_wconf 82' lang='lat'>87,</span> <span class='ocrx_word' id='word_1_22' title='bbox 564 922 698 997; x_wconf 90' lang='lat' dir='ltr'>praeter</span> <span class='ocrx_word' id='word_1_23' title='bbox 725 917 887 1000; x_wconf 88' lang='lat' dir='ltr'>lochagos</span> <span class='ocrx_word' id='word_1_24' title='bbox 923 921 956 978; x_wconf 90' lang='lat' dir='ltr'>et</span> <span class='ocrx_word' id='word_1_25' title='bbox 984 921 1148 999; x_wconf 79' lang='lat' dir='ltr'>strategos</span> <span class='ocrx_word' id='word_1_26' title='bbox 1184 918 1285 980; x_wconf 89' lang='lat' dir='ltr'>etiam</span> <span class='ocrx_word' id='word_1_27' title='bbox 1313 923 1328 995; x_wconf 82' lang='lat'>§</span> <span class='ocrx_word' id='word_1_28' title='bbox 1358 914 1411 1001; x_wconf 80' lang='lat'>94,</span> 
     </span>
     <span class='ocr_line' id='line_1_6' title="bbox 244 1017 1308 1084; baseline -0.001 -1"><span class='ocrx_word' id='word_1_29' title='bbox 244 1038 361 1084; x_wconf 91' lang='lat' dir='ltr'>omnes</span> <span class='ocrx_word' id='word_1_30' title='bbox 385 1024 498 1084; x_wconf 90' lang='lat' dir='ltr'>autem</span> <span class='ocrx_word' id='word_1_31' title='bbox 522 1038 598 1082; x_wconf 91' lang='lat' dir='ltr'>eum</span> <span class='ocrx_word' id='word_1_32' title='bbox 620 1019 733 1082; x_wconf 88' lang='lat' dir='ltr'>multis</span> <span class='ocrx_word' id='word_1_33' title='bbox 756 1020 829 1083; x_wconf 90' lang='lat' dir='ltr'>aliis</span> <span class='ocrx_word' id='word_1_34' title='bbox 853 1022 1176 1083; x_wconf 85' lang='lat' dir='ltr'>commemoraverat</span> <span class='ocrx_word' id='word_1_35' title='bbox 1198 1019 1214 1082; x_wconf 90' lang='lat'>1</span> <span class='ocrx_word' id='word_1_36' title='bbox 1239 1017 1308 1082; x_wconf 84' lang='lat'>128.</span> 
     </span>
    </p>
   </div>
   <div class='ocr_carea' id='block_1_4' title="bbox 446 1155 752 1239">
    <p class='ocr_par' dir='ltr' id='par_1_4' title="bbox 446 1155 752 1239">
     <span class='ocr_line' id='line_1_7' title="bbox 446 1155 752 1239; baseline -0.01 -19"><span class='ocrx_word' id='word_1_37' title='bbox 446 1155 752 1239; x_wconf 58' lang='lat' dir='ltr'>dilaceraretur.</span> 
     </span>
    </p>
   </div>
   <div class='ocr_carea' id='block_1_5' title="bbox 244 1275 1414 1767">
    <p class='ocr_par' dir='ltr' id='par_1_5' title="bbox 244 1275 1414 1767">
     <span class='ocr_line' id='line_1_8' title="bbox 330 1275 1412 1357; baseline 0 -19"><span class='ocrx_word' id='word_1_38' title='bbox 330 1277 433 1340; x_wconf 89' lang='lat' dir='ltr'>Varia</span> <span class='ocrx_word' id='word_1_39' title='bbox 449 1276 492 1338; x_wconf 91' lang='lat' dir='ltr'>de</span> <span class='ocrx_word' id='word_1_40' title='bbox 506 1276 558 1338; x_wconf 90' lang='lat' dir='ltr'>bis</span> <span class='ocrx_word' id='word_1_41' title='bbox 574 1275 710 1338; x_wconf 88' lang='lat' dir='ltr'>tradunt</span> <span class='ocrx_word' id='word_1_42' title='bbox 724 1275 943 1357; x_wconf 88' lang='lat' dir='ltr'>grammatici,</span> <span class='ocrx_word' id='word_1_43' title='bbox 960 1291 1103 1356; x_wconf 87' lang='lat' dir='ltr'>quorum</span> <span class='ocrx_word' id='word_1_44' title='bbox 1119 1275 1281 1357; x_wconf 84' lang='lat' dir='ltr'>plurimos</span> <span class='ocrx_word' id='word_1_45' title='bbox 1296 1294 1412 1339; x_wconf 85' lang='lat' dir='ltr'>recen·</span> 
     </span>
     <span class='ocr_line' id='line_1_9' title="bbox 244 1374 1414 1459; baseline -0.001 -17"><span class='ocrx_word' id='word_1_46' title='bbox 244 1381 311 1442; x_wconf 91' lang='lat' dir='ltr'>suit</span> <span class='ocrx_word' id='word_1_47' title='bbox 331 1379 471 1442; x_wconf 89' lang='lat' dir='ltr'>Boeckh</span> <span class='ocrx_word' id='word_1_48' title='bbox 494 1377 652 1458; x_wconf 85' lang='lat' dir='ltr'>(Staatsh.</span> <span class='ocrx_word' id='word_1_49' title='bbox 676 1377 692 1440; x_wconf 96' lang='grc' dir='ltr'>Ι</span> <span class='ocrx_word' id='word_1_50' title='bbox 713 1397 746 1458; x_wconf 91' lang='lat' dir='ltr'>p.</span> <span class='ocrx_word' id='word_1_51' title='bbox 770 1374 841 1438; x_wconf 46' lang='lat'>241,</span> <span class='ocrx_word' id='word_1_52' title='bbox 863 1379 964 1458; x_wconf 84' lang='lat' dir='ltr'>sqq.).</span> <span class='ocrx_word' id='word_1_53' title='bbox 1010 1376 1052 1440; x_wconf 93' lang='lat' dir='ltr'>de</span> <span class='ocrx_word' id='word_1_54' title='bbox 1074 1379 1238 1459; x_wconf 90' lang='lat' dir='ltr'>principio</span> <span class='ocrx_word' id='word_1_55' title='bbox 1260 1377 1414 1442; x_wconf 91' lang='lat' dir='ltr'>Pollucei</span> 
     </span>
     <span class='ocr_line' id='line_1_10' title="bbox 244 1477 1414 1562; baseline 0 -19"><span class='ocrx_word' id='word_1_56' title='bbox 244 1480 312 1544; x_wconf 88' lang='lat' dir='ltr'>loci</span> <span class='ocrx_word' id='word_1_57' title='bbox 345 1481 494 1544; x_wconf 89' lang='lat' dir='ltr'>severius</span> <span class='ocrx_word' id='word_1_58' title='bbox 527 1479 660 1543; x_wconf 89' lang='lat' dir='ltr'>videtur</span> <span class='ocrx_word' id='word_1_59' title='bbox 692 1477 875 1562; x_wconf 82' lang='lat' dir='ltr'>iudicasse,</span> <span class='ocrx_word' id='word_1_60' title='bbox 912 1482 1085 1560; x_wconf 88' lang='lat' dir='ltr'>postrema</span> <span class='ocrx_word' id='word_1_61' title='bbox 1118 1483 1209 1542; x_wconf 89' lang='lat' dir='ltr'>certe</span> <span class='ocrx_word' id='word_1_62' title='bbox 1235 1483 1328 1542; x_wconf 88' lang='lat' dir='ltr'>recte</span> <span class='ocrx_word' id='word_1_63' title='bbox 1356 1479 1414 1544; x_wconf 91' lang='lat' dir='ltr'>ad-</span> 
     </span>
     <span class='ocr_line' id='line_1_11' title="bbox 244 1579 1413 1666; baseline -0.001 -20"><span class='ocrx_word' id='word_1_64' title='bbox 244 1587 341 1646; x_wconf 89' lang='lat' dir='ltr'>notat</span> <span class='ocrx_word' id='word_1_65' title='bbox 360 1583 467 1665; x_wconf 88' lang='lat' dir='ltr'>magis</span> <span class='ocrx_word' id='word_1_66' title='bbox 490 1581 534 1646; x_wconf 90' lang='lat' dir='ltr'>ad</span> <span class='ocrx_word' id='word_1_67' title='bbox 557 1583 733 1664; x_wconf 89' lang='lat' dir='ltr'>episcopos</span> <span class='ocrx_word' id='word_1_68' title='bbox 758 1599 859 1663; x_wconf 89' lang='lat' dir='ltr'>quam</span> <span class='ocrx_word' id='word_1_69' title='bbox 888 1580 931 1644; x_wconf 86' lang='lat' dir='ltr'>ad</span> <span class='ocrx_word' id='word_1_70' title='bbox 954 1579 1213 1646; x_wconf 88' lang='lat' dir='ltr'>bellenotamias</span> <span class='ocrx_word' id='word_1_71' title='bbox 1235 1583 1413 1666; x_wconf 88' lang='lat' dir='ltr'>pertinere.</span> 
     </span>
     <span class='ocr_line' id='line_1_12' title="bbox 247 1686 449 1767; baseline 0 -19"><span class='ocrx_word' id='word_1_72' title='bbox 247 1689 287 1748; x_wconf 87' lang='lat' dir='ltr'>et&#39;.</span> <span class='ocrx_word' id='word_1_73' title='bbox 312 1703 384 1767; x_wconf 87' lang='lat' dir='ltr'>cap.</span> <span class='ocrx_word' id='word_1_74' title='bbox 407 1686 449 1748; x_wconf 90' lang='grc' dir='ltr'>Π.</span> 
     </span>
    </p>
   </div>
   <div class='ocr_carea' id='block_1_6' title="bbox 156 1817 1446 4156">
    <p class='ocr_par' dir='ltr' id='par_1_6' title="bbox 446 1817 674 1905">
     <span class='ocr_line' id='line_1_13' title="bbox 446 1817 674 1905; baseline -0.004 -21"><span class='ocrx_word' id='word_1_75' title='bbox 446 1817 620 1905; x_wconf 83' lang='grc' dir='ltr'><em>ὑπηρεσί</em></span> <span class='ocrx_word' id='word_1_76' title='bbox 626 1841 674 1884; x_wconf 83' lang='grc' dir='ltr'><em>αι.</em></span> 
     </span>
    </p>

    <p class='ocr_par' dir='ltr' id='par_1_7' title="bbox 156 1923 1446 4156">
     <span class='ocr_line' id='line_1_14' title="bbox 333 1923 1415 2007; baseline -0.002 -19"><span class='ocrx_word' id='word_1_77' title='bbox 333 1923 427 2007; x_wconf 76' lang='lat' dir='ltr'>Quos</span> <span class='ocrx_word' id='word_1_78' title='bbox 460 1923 583 1987; x_wconf 91' lang='lat' dir='ltr'>deinde</span> <span class='ocrx_word' id='word_1_79' title='bbox 615 1926 830 2006; x_wconf 77' lang='lat' dir='ltr'><strong>magistratus</strong></span> <span class='ocrx_word' id='word_1_80' title='bbox 863 1926 970 2007; x_wconf 90' lang='lat' dir='ltr'>magis</span> <span class='ocrx_word' id='word_1_81' title='bbox 1005 1926 1110 2006; x_wconf 88' lang='lat' dir='ltr'>tangit</span> <span class='ocrx_word' id='word_1_82' title='bbox 1138 1925 1277 2007; x_wconf 81' lang='lat' dir='ltr'>Pollux,</span> <span class='ocrx_word' id='word_1_83' title='bbox 1312 1943 1415 2006; x_wconf 90' lang='lat' dir='ltr'>quam</span> 
     </span>
     <span class='ocr_line' id='line_1_15' title="bbox 248 2025 1415 2110; baseline 0 -20"><span class='ocrx_word' id='word_1_84' title='bbox 248 2026 412 2104; x_wconf 88' lang='lat' dir='ltr'>declarat,</span> <span class='ocrx_word' id='word_1_85' title='bbox 447 2044 506 2089; x_wconf 89' lang='lat' dir='ltr'>eos</span> <span class='ocrx_word' id='word_1_86' title='bbox 534 2025 625 2090; x_wconf 89' lang='lat' dir='ltr'>baud</span> <span class='ocrx_word' id='word_1_87' title='bbox 659 2025 763 2088; x_wconf 91' lang='lat' dir='ltr'>dubie</span> <span class='ocrx_word' id='word_1_88' title='bbox 793 2044 835 2088; x_wconf 93' lang='lat' dir='ltr'>ex</span> <span class='ocrx_word' id='word_1_89' title='bbox 871 2043 911 2089; x_wconf 91' lang='lat' dir='ltr'>eo</span> <span class='ocrx_word' id='word_1_90' title='bbox 940 2027 1016 2089; x_wconf 90' lang='lat' dir='ltr'>loco</span> <span class='ocrx_word' id='word_1_91' title='bbox 1046 2027 1146 2089; x_wconf 83' lang='lat' dir='ltr'>fontis</span> <span class='ocrx_word' id='word_1_92' title='bbox 1180 2027 1231 2089; x_wconf 90' lang='lat' dir='ltr'>sui</span> <span class='ocrx_word' id='word_1_93' title='bbox 1264 2028 1415 2110; x_wconf 83' lang='lat' dir='ltr'><strong>sumpsit,</strong></span> 
     </span>
     <span class='ocr_line' id='line_1_16' title="bbox 246 2123 1416 2211; baseline -0.001 -19"><span class='ocrx_word' id='word_1_94' title='bbox 246 2129 306 2192; x_wconf 89' lang='lat' dir='ltr'>ubi</span> <span class='ocrx_word' id='word_1_95' title='bbox 328 2127 371 2191; x_wconf 95' lang='lat' dir='ltr'>de</span> <span class='ocrx_word' id='word_1_96' title='bbox 402 2123 593 2211; x_wconf 73' lang='grc' dir='ltr'><em>ὑπηρεσίαις</em></span> <span class='ocrx_word' id='word_1_97' title='bbox 624 2127 858 2191; x_wconf 79' lang='lat' dir='ltr'>disserebatur.</span> <span class='ocrx_word' id='word_1_98' title='bbox 904 2129 1113 2210; x_wconf 91' lang='lat' dir='ltr'>grammatici</span> <span class='ocrx_word' id='word_1_99' title='bbox 1141 2129 1416 2210; x_wconf 76' lang='lat' dir='ltr'>compilationem</span> 
     </span>
     <span class='ocr_line' id='line_1_17' title="bbox 248 2230 1417 2313; baseline 0.001 -20"><span class='ocrx_word' id='word_1_100' title='bbox 248 2248 322 2294; x_wconf 88' lang='lat' dir='ltr'>esse</span> <span class='ocrx_word' id='word_1_101' title='bbox 349 2230 405 2293; x_wconf 83' lang='lat' dir='ltr'>vel</span> <span class='ocrx_word' id='word_1_102' title='bbox 434 2249 453 2292; x_wconf 94' lang='lat' dir='ltr'>e</span> <span class='ocrx_word' id='word_1_103' title='bbox 480 2231 711 2294; x_wconf 86' lang='lat' dir='ltr'>Demosthene</span> <span class='ocrx_word' id='word_1_104' title='bbox 744 2231 796 2294; x_wconf 92' lang='lat' dir='ltr'>bis</span> <span class='ocrx_word' id='word_1_105' title='bbox 827 2231 927 2294; x_wconf 88' lang='lat' dir='ltr'>citato</span> <span class='ocrx_word' id='word_1_106' title='bbox 965 2231 1045 2294; x_wconf 87' lang='lat' dir='ltr'>satis</span> <span class='ocrx_word' id='word_1_107' title='bbox 1081 2236 1229 2313; x_wconf 89' lang='lat' dir='ltr'>apparet.</span> <span class='ocrx_word' id='word_1_108' title='bbox 1282 2233 1417 2294; x_wconf 86' lang='lat' dir='ltr'>fuerunt</span> 
     </span>
     <span class='ocr_line' id='line_1_18' title="bbox 248 2332 1416 2416; baseline 0.002 -22"><span class='ocrx_word' id='word_1_109' title='bbox 248 2336 376 2414; x_wconf 89' lang='lat' dir='ltr'>autem,</span> <span class='ocrx_word' id='word_1_110' title='bbox 411 2334 468 2414; x_wconf 91' lang='lat' dir='ltr'>qui</span> <span class='ocrx_word' id='word_1_111' title='bbox 495 2332 670 2396; x_wconf 86' lang='lat' dir='ltr'>Pollucem</span> <span class='ocrx_word' id='word_1_112' title='bbox 700 2334 743 2397; x_wconf 95' lang='lat' dir='ltr'>ob</span> <span class='ocrx_word' id='word_1_113' title='bbox 773 2335 863 2396; x_wconf 89' lang='lat' dir='ltr'>huno</span> <span class='ocrx_word' id='word_1_114' title='bbox 897 2333 1011 2396; x_wconf 90' lang='lat' dir='ltr'>locum</span> <span class='ocrx_word' id='word_1_115' title='bbox 1039 2335 1269 2416; x_wconf 81' lang='lat' dir='ltr'>increparent,</span> <span class='ocrx_word' id='word_1_116' title='bbox 1301 2352 1416 2415; x_wconf 91' lang='lat' dir='ltr'>neque</span> 
     </span>
     <span class='ocr_line' id='line_1_19' title="bbox 247 2435 1416 2517; baseline 0.002 -21"><span class='ocrx_word' id='word_1_117' title='bbox 247 2435 424 2517; x_wconf 85' lang='lat' dir='ltr'>immerito,</span> <span class='ocrx_word' id='word_1_118' title='bbox 448 2453 653 2517; x_wconf 88' lang='lat' dir='ltr'>quemquam</span> <span class='ocrx_word' id='word_1_119' title='bbox 668 2436 749 2498; x_wconf 91' lang='lat' dir='ltr'>mibi</span> <span class='ocrx_word' id='word_1_120' title='bbox 772 2435 815 2498; x_wconf 95' lang='lat' dir='ltr'>de</span> <span class='ocrx_word' id='word_1_121' title='bbox 829 2437 904 2517; x_wconf 91' lang='lat' dir='ltr'>ipsa</span> <span class='ocrx_word' id='word_1_122' title='bbox 927 2454 1029 2499; x_wconf 89' lang='lat' dir='ltr'>causa</span> <span class='ocrx_word' id='word_1_123' title='bbox 1045 2436 1142 2499; x_wconf 88' lang='lat' dir='ltr'>aliter</span> <span class='ocrx_word' id='word_1_124' title='bbox 1162 2435 1306 2498; x_wconf 86' lang='lat' dir='ltr'>videtur.</span> <span class='ocrx_word' id='word_1_125' title='bbox 1335 2455 1416 2498; x_wconf 85' lang='lat' dir='ltr'>nam</span> 
     </span>
     <span class='ocr_line' id='line_1_20' title="bbox 248 2532 1417 2620; baseline 0.001 -21"><span class='ocrx_word' id='word_1_126' title='bbox 248 2537 277 2599; x_wconf 91' lang='lat' dir='ltr'>si</span> <span class='ocrx_word' id='word_1_127' title='bbox 297 2536 386 2598; x_wconf 91' lang='lat' dir='ltr'>illius</span> <span class='ocrx_word' id='word_1_128' title='bbox 414 2536 481 2599; x_wconf 90' lang='lat' dir='ltr'>loci</span> <span class='ocrx_word' id='word_1_129' title='bbox 502 2539 716 2619; x_wconf 81' lang='lat' dir='ltr'>magistratus</span> <span class='ocrx_word' id='word_1_130' title='bbox 746 2537 789 2601; x_wconf 90' lang='lat' dir='ltr'>ad</span> <span class='ocrx_word' id='word_1_131' title='bbox 816 2532 981 2620; x_wconf 76' lang='grc' dir='ltr'><em>ὑπηρέτας</em></span> <span class='ocrx_word' id='word_1_132' title='bbox 1011 2539 1209 2620; x_wconf 87' lang='lat' dir='ltr'>referuntur,</span> <span class='ocrx_word' id='word_1_133' title='bbox 1238 2539 1360 2601; x_wconf 89' lang='lat' dir='ltr'>falsum</span> <span class='ocrx_word' id='word_1_134' title='bbox 1380 2538 1417 2600; x_wconf 91' lang='lat' dir='ltr'>id</span> 
     </span>
     <span class='ocr_line' id='line_1_21' title="bbox 249 2639 1416 2723; baseline 0.003 -23"><span class='ocrx_word' id='word_1_135' title='bbox 249 2655 324 2701; x_wconf 90' lang='lat' dir='ltr'>esse</span> <span class='ocrx_word' id='word_1_136' title='bbox 334 2639 432 2701; x_wconf 83' lang='lat' dir='ltr'>facile</span> <span class='ocrx_word' id='word_1_137' title='bbox 442 2640 657 2723; x_wconf 69' lang='lat' dir='ltr'>perspicitur,</span> <span class='ocrx_word' id='word_1_138' title='bbox 674 2641 809 2702; x_wconf 87' lang='lat' dir='ltr'>fuerunt</span> <span class='ocrx_word' id='word_1_139' title='bbox 822 2642 912 2702; x_wconf 90' lang='lat' dir='ltr'>enim</span> <span class='ocrx_word' id='word_1_140' title='bbox 924 2641 1108 2704; x_wconf 85' lang='lat' dir='ltr'>maximam</span> <span class='ocrx_word' id='word_1_141' title='bbox 1120 2645 1249 2722; x_wconf 90' lang='lat' dir='ltr'>partem</span> <span class='ocrx_word' id='word_1_142' title='bbox 1263 2659 1416 2704; x_wconf 88' lang='lat' dir='ltr'>summae</span> 
     </span>
     <span class='ocr_line' id='line_1_22' title="bbox 248 2740 1446 2826; baseline 0.003 -24"><span class='ocrx_word' id='word_1_143' title='bbox 248 2742 464 2824; x_wconf 85' lang='lat' dir='ltr'>auctoritatis,</span> <span class='ocrx_word' id='word_1_144' title='bbox 486 2741 523 2804; x_wconf 94' lang='lat' dir='ltr'>id</span> <span class='ocrx_word' id='word_1_145' title='bbox 546 2740 637 2824; x_wconf 91' lang='lat' dir='ltr'>quod</span> <span class='ocrx_word' id='word_1_146' title='bbox 659 2760 704 2804; x_wconf 90' lang='lat' dir='ltr'>ne</span> <span class='ocrx_word' id='word_1_147' title='bbox 726 2744 952 2824; x_wconf 84' lang='lat' dir='ltr'>grammaticis</span> <span class='ocrx_word' id='word_1_148' title='bbox 982 2742 1118 2824; x_wconf 89' lang='lat' dir='ltr'>quidem</span> <span class='ocrx_word' id='word_1_149' title='bbox 1140 2744 1242 2825; x_wconf 91' lang='lat' dir='ltr'>plane</span> <span class='ocrx_word' id='word_1_150' title='bbox 1262 2745 1417 2826; x_wconf 90' lang='lat' dir='ltr'>ignotum</span> <span class='ocrx_word' id='word_1_151' title='bbox 1442 2747 1446 2751; x_wconf 83' lang='grc'><strong>’</strong></span> 
     </span>
     <span class='ocr_line' id='line_1_23' title="bbox 249 2842 1417 2926; baseline 0.003 -21"><span class='ocrx_word' id='word_1_152' title='bbox 249 2847 334 2905; x_wconf 86' lang='lat' dir='ltr'>erat:</span> <span class='ocrx_word' id='word_1_153' title='bbox 359 2842 402 2906; x_wconf 93' lang='lat' dir='ltr'>de</span> <span class='ocrx_word' id='word_1_154' title='bbox 423 2849 619 2924; x_wconf 79' lang='grc' dir='ltr'><em>τειχοποιοῖς</em></span> <span class='ocrx_word' id='word_1_155' title='bbox 650 2846 688 2907; x_wconf 88' lang='lat' dir='ltr'>cf.</span> <span class='ocrx_word' id='word_1_156' title='bbox 711 2844 797 2908; x_wconf 88' lang='lat' dir='ltr'>Poll.</span> <span class='ocrx_word' id='word_1_157' title='bbox 820 2844 836 2907; x_wconf 90' lang='lat' dir='ltr'>I</span> <span class='ocrx_word' id='word_1_158' title='bbox 860 2842 931 2926; x_wconf 82' lang='lat'>161,</span> <span class='ocrx_word' id='word_1_159' title='bbox 961 2844 1005 2908; x_wconf 90' lang='lat' dir='ltr'>de</span> <span class='ocrx_word' id='word_1_160' title='bbox 1033 2843 1210 2926; x_wconf 76' lang='grc' dir='ltr'><em>ὑεροποιοΐς</em></span> <span class='ocrx_word' id='word_1_161' title='bbox 1239 2846 1350 2909; x_wconf 81' lang='lat' dir='ltr'>elucet</span> <span class='ocrx_word' id='word_1_162' title='bbox 1372 2864 1417 2908; x_wconf 87' lang='lat' dir='ltr'>ex</span> 
     </span>
     <span class='ocr_line' id='line_1_24' title="bbox 156 2943 1417 3030; baseline 0.003 -24"><span class='ocrx_word' id='word_1_163' title='bbox 156 2947 159 2954; x_wconf 83' lang='lat'>&#39;</span> <span class='ocrx_word' id='word_1_164' title='bbox 251 2943 371 3008; x_wconf 90' lang='lat' dir='ltr'>eodem</span> <span class='ocrx_word' id='word_1_165' title='bbox 400 2945 416 3008; x_wconf 95' lang='lat' dir='ltr'>I</span> <span class='ocrx_word' id='word_1_166' title='bbox 440 2943 490 3028; x_wconf 86' lang='lat'>12,</span> <span class='ocrx_word' id='word_1_167' title='bbox 519 2944 562 3009; x_wconf 89' lang='lat' dir='ltr'>de</span> <span class='ocrx_word' id='word_1_168' title='bbox 589 2944 729 3024; x_wconf 81' lang='grc' dir='ltr'><em>βοώναις</em></span> <span class='ocrx_word' id='word_1_169' title='bbox 757 2968 789 3008; x_wconf 88' lang='lat' dir='ltr'>v.</span> <span class='ocrx_word' id='word_1_170' title='bbox 811 2945 914 3029; x_wconf 84' lang='lat' dir='ltr'>Harp.</span> <span class='ocrx_word' id='word_1_171' title='bbox 944 2967 970 3011; x_wconf 89' lang='lat' dir='ltr'>s.</span> <span class='ocrx_word' id='word_1_172' title='bbox 999 2969 1030 3009; x_wconf 90' lang='lat' dir='ltr'>v.</span> <span class='ocrx_word' id='word_1_173' title='bbox 1075 2948 1142 3008; x_wconf 91' lang='lat' dir='ltr'>iam</span> <span class='ocrx_word' id='word_1_174' title='bbox 1170 2965 1251 3010; x_wconf 88' lang='lat' dir='ltr'>vero</span> <span class='ocrx_word' id='word_1_175' title='bbox 1281 2946 1417 3030; x_wconf 79' lang='grc' dir='ltr'><em>ζητητάς</em></span> 
     </span>
     <span class='ocr_line' id='line_1_25' title="bbox 249 3043 1416 3134; baseline 0.003 -26"><span class='ocrx_word' id='word_1_176' title='bbox 249 3048 402 3128; x_wconf 86' lang='lat' dir='ltr'>quamvis</span> <span class='ocrx_word' id='word_1_177' title='bbox 426 3065 502 3110; x_wconf 90' lang='lat' dir='ltr'>cum</span> <span class='ocrx_word' id='word_1_178' title='bbox 524 3046 802 3112; x_wconf 86' lang='lat' dir='ltr'>antecedentibus</span> <span class='ocrx_word' id='word_1_179' title='bbox 831 3053 903 3111; x_wconf 89' lang='lat' dir='ltr'>arte</span> <span class='ocrx_word' id='word_1_180' title='bbox 935 3050 1133 3112; x_wconf 89' lang='lat' dir='ltr'>coniunctos</span> <span class='ocrx_word' id='word_1_181' title='bbox 1163 3043 1310 3134; x_wconf 83' lang='grc' dir='ltr'>(ὁμοίως)</span> <span class='ocrx_word' id='word_1_182' title='bbox 1333 3051 1416 3112; x_wconf 91' lang='lat' dir='ltr'>nibi-</span> 
     </span>
     <span class='ocr_line' id='line_1_26' title="bbox 248 3142 1416 3235; baseline 0.004 -25"><span class='ocrx_word' id='word_1_183' title='bbox 248 3142 387 3211; x_wconf 89' lang='lat' dir='ltr'>losetius</span> <span class='ocrx_word' id='word_1_184' title='bbox 406 3167 477 3211; x_wconf 91' lang='lat' dir='ltr'>non</span> <span class='ocrx_word' id='word_1_185' title='bbox 490 3142 682 3232; x_wconf 78' lang='grc' dir='ltr'><em>ὑπηρεσίαις</em></span> <span class='ocrx_word' id='word_1_186' title='bbox 704 3149 819 3214; x_wconf 87' lang='lat' dir='ltr'>tribuit</span> <span class='ocrx_word' id='word_1_187' title='bbox 832 3151 968 3234; x_wconf 88' lang='lat' dir='ltr'>Pollux,</span> <span class='ocrx_word' id='word_1_188' title='bbox 991 3150 1052 3214; x_wconf 91' lang='lat' dir='ltr'>sed</span> <span class='ocrx_word' id='word_1_189' title='bbox 1075 3151 1264 3235; x_wconf 79' lang='grc' dir='ltr'><em>διακονίαις,</em></span> <span class='ocrx_word' id='word_1_190' title='bbox 1289 3170 1357 3234; x_wconf 92' lang='lat' dir='ltr'>qua</span> <span class='ocrx_word' id='word_1_191' title='bbox 1377 3171 1416 3215; x_wconf 89' lang='lat' dir='ltr'>re</span> 
     </span>
     <span class='ocr_line' id='line_1_27' title="bbox 250 3249 1417 3336; baseline 0.005 -24"><span class='ocrx_word' id='word_1_192' title='bbox 250 3267 291 3313; x_wconf 90' lang='lat' dir='ltr'>eo</span> <span class='ocrx_word' id='word_1_193' title='bbox 315 3249 475 3333; x_wconf 87' lang='lat' dir='ltr'>adducor,</span> <span class='ocrx_word' id='word_1_194' title='bbox 497 3254 535 3314; x_wconf 91' lang='lat' dir='ltr'>ut</span> <span class='ocrx_word' id='word_1_195' title='bbox 557 3252 659 3314; x_wconf 88' lang='lat' dir='ltr'>etiam</span> <span class='ocrx_word' id='word_1_196' title='bbox 673 3252 916 3333; x_wconf 87' lang='lat' dir='ltr'>praecedentes</span> <span class='ocrx_word' id='word_1_197' title='bbox 939 3259 977 3316; x_wconf 93' lang='lat' dir='ltr'>ut</span> <span class='ocrx_word' id='word_1_198' title='bbox 991 3253 1153 3318; x_wconf 88' lang='lat' dir='ltr'>diaconos</span> <span class='ocrx_word' id='word_1_199' title='bbox 1175 3254 1325 3336; x_wconf 89' lang='lat' dir='ltr'>prolatos</span> <span class='ocrx_word' id='word_1_200' title='bbox 1342 3273 1417 3318; x_wconf 90' lang='lat' dir='ltr'>esse</span> 
     </span>
     <span class='ocr_line' id='line_1_28' title="bbox 249 3351 1416 3438; baseline 0.005 -24"><span class='ocrx_word' id='word_1_201' title='bbox 249 3353 407 3434; x_wconf 89' lang='lat' dir='ltr'>suspicer.</span> <span class='ocrx_word' id='word_1_202' title='bbox 459 3351 494 3416; x_wconf 93' lang='lat' dir='ltr'>id</span> <span class='ocrx_word' id='word_1_203' title='bbox 523 3355 614 3416; x_wconf 90' lang='lat' dir='ltr'>enim</span> <span class='ocrx_word' id='word_1_204' title='bbox 645 3355 981 3419; x_wconf 86' lang='lat' dir='ltr'>animadvertendum</span> <span class='ocrx_word' id='word_1_205' title='bbox 1012 3361 1072 3437; x_wconf 89' lang='lat' dir='ltr'>est,</span> <span class='ocrx_word' id='word_1_206' title='bbox 1101 3359 1129 3420; x_wconf 90' lang='lat' dir='ltr'>si</span> <span class='ocrx_word' id='word_1_207' title='bbox 1156 3355 1341 3438; x_wconf 76' lang='grc' dir='ltr'><em>ἱεροποιοὺς</em></span> <span class='ocrx_word' id='word_1_208' title='bbox 1368 3359 1416 3420; x_wconf 91' lang='lat' dir='ltr'>in-</span> 
     </span>
     <span class='ocr_line' id='line_1_29' title="bbox 251 3454 1416 3540; baseline 0.005 -24"><span class='ocrx_word' id='word_1_209' title='bbox 251 3454 381 3537; x_wconf 88' lang='lat' dir='ltr'>tellegis</span> <span class='ocrx_word' id='word_1_210' title='bbox 396 3455 594 3538; x_wconf 75' lang='grc' dir='ltr'><em>ἐπιμηνιοος,</em></span> <span class='ocrx_word' id='word_1_211' title='bbox 619 3474 736 3520; x_wconf 91' lang='lat' dir='ltr'>omnes</span> <span class='ocrx_word' id='word_1_212' title='bbox 753 3459 903 3539; x_wconf 90' lang='lat' dir='ltr'>exeeptis</span> <span class='ocrx_word' id='word_1_213' title='bbox 918 3459 1128 3540; x_wconf 88' lang='lat' dir='ltr'>praetoribus</span> <span class='ocrx_word' id='word_1_214' title='bbox 1145 3465 1241 3523; x_wconf 90' lang='lat' dir='ltr'>extra</span> <span class='ocrx_word' id='word_1_215' title='bbox 1264 3460 1416 3524; x_wconf 92' lang='lat' dir='ltr'>ordinem</span> 
     </span>
     <span class='ocr_line' id='line_1_30' title="bbox 251 3560 1418 3644; baseline 0.004 -25"><span class='ocrx_word' id='word_1_216' title='bbox 251 3561 308 3620; x_wconf 89' lang='lat' dir='ltr'>aut</span> <span class='ocrx_word' id='word_1_217' title='bbox 330 3575 463 3639; x_wconf 90' lang='lat' dir='ltr'>semper</span> <span class='ocrx_word' id='word_1_218' title='bbox 486 3560 684 3622; x_wconf 87' lang='lat' dir='ltr'>constitutos</span> <span class='ocrx_word' id='word_1_219' title='bbox 714 3577 790 3622; x_wconf 90' lang='lat' dir='ltr'>esse</span> <span class='ocrx_word' id='word_1_220' title='bbox 817 3564 876 3621; x_wconf 90' lang='lat' dir='ltr'>aut</span> <span class='ocrx_word' id='word_1_221' title='bbox 905 3562 1060 3624; x_wconf 90' lang='lat' dir='ltr'>constitui</span> <span class='ocrx_word' id='word_1_222' title='bbox 1088 3564 1248 3644; x_wconf 88' lang='lat' dir='ltr'>potuisse.</span> <span class='ocrx_word' id='word_1_223' title='bbox 1292 3562 1418 3625; x_wconf 86' lang='lat' dir='ltr'>Pollux</span> 
     </span>
     <span class='ocr_line' id='line_1_31' title="bbox 249 3659 1418 3745; baseline 0.003 -22"><span class='ocrx_word' id='word_1_224' title='bbox 249 3661 350 3743; x_wconf 89' lang='lat' dir='ltr'>igitur</span> <span class='ocrx_word' id='word_1_225' title='bbox 371 3659 436 3740; x_wconf 89' lang='lat' dir='ltr'>vel,</span> <span class='ocrx_word' id='word_1_226' title='bbox 459 3662 497 3722; x_wconf 90' lang='lat' dir='ltr'>ut</span> <span class='ocrx_word' id='word_1_227' title='bbox 518 3660 600 3722; x_wconf 91' lang='lat' dir='ltr'>mibi</span> <span class='ocrx_word' id='word_1_228' title='bbox 621 3661 828 3742; x_wconf 91' lang='lat' dir='ltr'>probabilius</span> <span class='ocrx_word' id='word_1_229' title='bbox 852 3666 912 3743; x_wconf 90' lang='lat' dir='ltr'>est,</span> <span class='ocrx_word' id='word_1_230' title='bbox 934 3664 1004 3725; x_wconf 89' lang='lat' dir='ltr'>iam</span> <span class='ocrx_word' id='word_1_231' title='bbox 1020 3665 1091 3726; x_wconf 89' lang='lat' dir='ltr'>eius</span> <span class='ocrx_word' id='word_1_232' title='bbox 1108 3668 1225 3727; x_wconf 86' lang='lat' dir='ltr'>auctor</span> <span class='ocrx_word' id='word_1_233' title='bbox 1240 3663 1418 3745; x_wconf 88' lang='lat' dir='ltr'>dupliciter</span> 
     </span>
     <span class='ocr_line' id='line_1_32' title="bbox 252 3757 1416 3847; baseline 0.006 -25"><span class='ocrx_word' id='word_1_234' title='bbox 252 3762 387 3823; x_wconf 89' lang='lat' dir='ltr'>erravit:</span> <span class='ocrx_word' id='word_1_235' title='bbox 411 3760 555 3841; x_wconf 88' lang='lat' dir='ltr'>primum</span> <span class='ocrx_word' id='word_1_236' title='bbox 575 3757 755 3846; x_wconf 79' lang='grc' dir='ltr'><em>ὑπηρεσίας</em></span> <span class='ocrx_word' id='word_1_237' title='bbox 779 3781 855 3825; x_wconf 91' lang='lat' dir='ltr'>cum</span> <span class='ocrx_word' id='word_1_238' title='bbox 879 3763 1058 3840; x_wconf 82' lang='grc' dir='ltr'><em>διακονίαις</em></span> <span class='ocrx_word' id='word_1_239' title='bbox 1080 3766 1137 3829; x_wconf 78' lang='lat' dir='ltr'>vel</span> <span class='ocrx_word' id='word_1_240' title='bbox 1159 3765 1360 3847; x_wconf 76' lang='grc' dir='ltr'><em>ἐπιμελείαις</em></span> <span class='ocrx_word' id='word_1_241' title='bbox 1369 3764 1416 3844; x_wconf 75' lang='lat'>⁶⁶)</span> 
     </span>
     <span class='ocr_line' id='line_1_33' title="bbox 251 3861 1418 3950; baseline 0.004 -25"><span class='ocrx_word' id='word_1_242' title='bbox 251 3861 401 3925; x_wconf 90' lang='lat' dir='ltr'>confudit</span> <span class='ocrx_word' id='word_1_243' title='bbox 425 3897 462 3906; x_wconf 90' lang='lat'>-</span> <span class='ocrx_word' id='word_1_244' title='bbox 489 3867 522 3924; x_wconf 89' lang='lat' dir='ltr'>et</span> <span class='ocrx_word' id='word_1_245' title='bbox 542 3864 608 3926; x_wconf 92' lang='lat' dir='ltr'>hoc</span> <span class='ocrx_word' id='word_1_246' title='bbox 632 3863 768 3947; x_wconf 88' lang='lat' dir='ltr'>quidem</span> <span class='ocrx_word' id='word_1_247' title='bbox 798 3884 898 3946; x_wconf 91' lang='lat' dir='ltr'>quam</span> <span class='ocrx_word' id='word_1_248' title='bbox 926 3867 1025 3930; x_wconf 85' lang='lat' dir='ltr'>facile</span> <span class='ocrx_word' id='word_1_249' title='bbox 1048 3867 1198 3950; x_wconf 88' lang='lat' dir='ltr'>delinqui</span> <span class='ocrx_word' id='word_1_250' title='bbox 1226 3869 1418 3950; x_wconf 85' lang='lat' dir='ltr'>potuerita</span> 
     </span>
     <span class='ocr_line' id='line_1_34' title="bbox 249 3965 1417 4050; baseline 0.005 -24"><span class='ocrx_word' id='word_1_251' title='bbox 249 3965 382 4027; x_wconf 89' lang='lat' dir='ltr'>serioris</span> <span class='ocrx_word' id='word_1_252' title='bbox 418 3966 577 4046; x_wconf 87' lang='lat' dir='ltr'>temporis</span> <span class='ocrx_word' id='word_1_253' title='bbox 615 3969 850 4050; x_wconf 88' lang='lat' dir='ltr'>grammatico,</span> <span class='ocrx_word' id='word_1_254' title='bbox 885 3969 978 4032; x_wconf 90' lang='lat' dir='ltr'>vides</span> <span class='ocrx_word' id='word_1_255' title='bbox 1006 4006 1042 4018; x_wconf 89' lang='lat'>-</span> <span class='ocrx_word' id='word_1_256' title='bbox 1078 3971 1202 4034; x_wconf 93' lang='lat' dir='ltr'>deinde</span> <span class='ocrx_word' id='word_1_257' title='bbox 1218 3972 1269 4034; x_wconf 90' lang='lat' dir='ltr'>in</span> <span class='ocrx_word' id='word_1_258' title='bbox 1295 3965 1417 4034; x_wconf 90' lang='lat' dir='ltr'>horum</span> 
     </span>
     <span class='ocr_line' id='line_1_35' title="bbox 250 4067 1417 4156; baseline 0.007 -28"><span class='ocrx_word' id='word_1_259' title='bbox 250 4084 428 4129; x_wconf 89' lang='lat' dir='ltr'>numerum</span> <span class='ocrx_word' id='word_1_260' title='bbox 455 4067 600 4148; x_wconf 72' lang='lat' dir='ltr'>male⁶⁷l</span> <span class='ocrx_word' id='word_1_261' title='bbox 637 4069 765 4132; x_wconf 88' lang='lat' dir='ltr'>rettulit</span> <span class='ocrx_word' id='word_1_262' title='bbox 793 4076 980 4154; x_wconf 82' lang='lat' dir='ltr'>praetores,</span> <span class='ocrx_word' id='word_1_263' title='bbox 1018 4091 1102 4156; x_wconf 88' lang='lat' dir='ltr'>quos</span> <span class='ocrx_word' id='word_1_264' title='bbox 1134 4072 1417 4136; x_wconf 85' lang='lat' dir='ltr'>extraordinarios</span> 
     </span>
    </p>
   </div>
   <div class='ocr_carea' id='block_1_7' title="bbox 325 4234 1034 4309">
    <p class='ocr_par' dir='ltr' id='par_1_8' title="bbox 325 4234 1034 4309">
     <span class='ocr_line' id='line_1_36' title="bbox 325 4234 1034 4309; baseline 0.016 -24"><span class='ocrx_word' id='word_1_265' title='bbox 325 4235 362 4301; x_wconf 78' lang='lat'>⁵⁶)</span> <span class='ocrx_word' id='word_1_266' title='bbox 398 4237 432 4288; x_wconf 82' lang='lat' dir='ltr'>of.</span> <span class='ocrx_word' id='word_1_267' title='bbox 452 4234 481 4292; x_wconf 83' lang='lat' dir='ltr'>C.</span> <span class='ocrx_word' id='word_1_268' title='bbox 499 4237 530 4291; x_wconf 89' lang='lat' dir='ltr'>F.</span> <span class='ocrx_word' id='word_1_269' title='bbox 548 4238 689 4291; x_wconf 86' lang='lat' dir='ltr'>Hermann</span> <span class='ocrx_word' id='word_1_270' title='bbox 708 4237 754 4292; x_wconf 87' lang='lat' dir='ltr'>Gr.</span> <span class='ocrx_word' id='word_1_271' title='bbox 772 4237 912 4294; x_wconf 85' lang='lat' dir='ltr'>Staatsalt.</span> <span class='ocrx_word' id='word_1_272' title='bbox 932 4241 990 4309; x_wconf 86' lang='lat'>147,</span> <span class='ocrx_word' id='word_1_273' title='bbox 1008 4242 1034 4296; x_wconf 87' lang='lat'>3.</span> 
     </span>
    </p>
   </div>
   <div class='ocr_carea' id='block_1_8' title="bbox 249 4322 1419 4571">
    <p class='ocr_par' dir='ltr' id='par_1_9' title="bbox 249 4322 1419 4571">
     <span class='ocr_line' id='line_1_37' title="bbox 320 4322 1417 4388; baseline 0.006 -12"><span class='ocrx_word' id='word_1_274' title='bbox 320 4322 357 4388; x_wconf 78' lang='lat'>⁵⁷)</span> <span class='ocrx_word' id='word_1_275' title='bbox 391 4323 444 4377; x_wconf 87' lang='lat' dir='ltr'>hac</span> <span class='ocrx_word' id='word_1_276' title='bbox 460 4326 490 4376; x_wconf 88' lang='lat' dir='ltr'>in</span> <span class='ocrx_word' id='word_1_277' title='bbox 507 4341 538 4377; x_wconf 90' lang='lat' dir='ltr'>re</span> <span class='ocrx_word' id='word_1_278' title='bbox 555 4327 649 4379; x_wconf 90' lang='lat' dir='ltr'>nescio</span> <span class='ocrx_word' id='word_1_279' title='bbox 668 4342 704 4378; x_wconf 87' lang='lat' dir='ltr'>sn</span> <span class='ocrx_word' id='word_1_280' title='bbox 715 4325 818 4378; x_wconf 85' lang='lat' dir='ltr'>Pollux</span> <span class='ocrx_word' id='word_1_281' title='bbox 831 4332 972 4380; x_wconf 87' lang='lat' dir='ltr'>auctorem</span> <span class='ocrx_word' id='word_1_282' title='bbox 986 4345 1067 4382; x_wconf 89' lang='lat' dir='ltr'>suum</span> <span class='ocrx_word' id='word_1_283' title='bbox 1086 4345 1140 4382; x_wconf 90' lang='lat' dir='ltr'>non</span> <span class='ocrx_word' id='word_1_284' title='bbox 1155 4332 1221 4382; x_wconf 88' lang='lat' dir='ltr'>satis</span> <span class='ocrx_word' id='word_1_285' title='bbox 1234 4329 1417 4383; x_wconf 84' lang='lat' dir='ltr'>intellexerit:</span> 
     </span>
     <span class='ocr_line' id='line_1_38' title="bbox 249 4402 1419 4484; baseline 0.007 -24"><span class='ocrx_word' id='word_1_286' title='bbox 249 4413 322 4461; x_wconf 86' lang='lat' dir='ltr'>certe</span> <span class='ocrx_word' id='word_1_287' title='bbox 339 4402 406 4476; x_wconf 70' lang='grc' dir='ltr'><em>τάχα</em></span> <span class='ocrx_word' id='word_1_288' title='bbox 423 4411 592 4463; x_wconf 85' lang='lat' dir='ltr'>vocabulum</span> <span class='ocrx_word' id='word_1_289' title='bbox 610 4410 813 4464; x_wconf 86' lang='lat' dir='ltr'>dubitationem</span> <span class='ocrx_word' id='word_1_290' title='bbox 832 4413 972 4481; x_wconf 89' lang='lat' dir='ltr'>quandam</span> <span class='ocrx_word' id='word_1_291' title='bbox 991 4417 1149 4484; x_wconf 86' lang='lat' dir='ltr'>significans</span> <span class='ocrx_word' id='word_1_292' title='bbox 1169 4417 1204 4468; x_wconf 93' lang='lat' dir='ltr'>ab</span> <span class='ocrx_word' id='word_1_293' title='bbox 1222 4417 1285 4484; x_wconf 89' lang='lat' dir='ltr'>ipso</span> <span class='ocrx_word' id='word_1_294' title='bbox 1303 4415 1419 4468; x_wconf 89' lang='lat' dir='ltr'>Polluce</span> 
     </span>
     <span class='ocr_line' id='line_1_39' title="bbox 249 4499 1383 4571; baseline 0.009 -25"><span class='ocrx_word' id='word_1_295' title='bbox 249 4509 385 4564; x_wconf 87' lang='lat' dir='ltr'>persaepe</span> <span class='ocrx_word' id='word_1_296' title='bbox 403 4502 561 4564; x_wconf 86' lang='lat' dir='ltr'>usurpatur.</span> <span class='ocrx_word' id='word_1_297' title='bbox 597 4512 767 4566; x_wconf 89' lang='lat' dir='ltr'>quamquam</span> <span class='ocrx_word' id='word_1_298' title='bbox 784 4499 814 4551; x_wconf 89' lang='lat' dir='ltr'>in</span> <span class='ocrx_word' id='word_1_299' title='bbox 832 4500 881 4552; x_wconf 88' lang='lat' dir='ltr'>tali</span> <span class='ocrx_word' id='word_1_300' title='bbox 900 4515 930 4552; x_wconf 89' lang='lat' dir='ltr'>re</span> <span class='ocrx_word' id='word_1_301' title='bbox 948 4499 1019 4552; x_wconf 88' lang='lat' dir='ltr'>nibil</span> <span class='ocrx_word' id='word_1_302' title='bbox 1038 4503 1139 4554; x_wconf 87' lang='lat' dir='ltr'>certius</span> <span class='ocrx_word' id='word_1_303' title='bbox 1157 4503 1292 4571; x_wconf 81' lang='lat' dir='ltr'>suspicari</span> <span class='ocrx_word' id='word_1_304' title='bbox 1310 4501 1383 4556; x_wconf 89' lang='lat' dir='ltr'>licet.</span> 
     </span>
    </p>
   </div>
   <div class='ocr_carea' id='block_1_9' title="bbox 0 0 1599 5136">
    <p class='ocr_par' dir='ltr' id='par_1_10' title="bbox 0 0 1599 5136">
     <span class='ocr_line' id='line_1_40' title="bbox 0 0 1599 5136; baseline 0 0"><span class='ocrx_word' id='word_1_305' title='bbox 0 0 1599 5136; x_wconf 95' lang='lat' dir='ltr'> </span> 
     </span>
    </p>
   </div>
  </div>
 </body>
</html>
