3194 5136
760 409 780 472 9

693 501 846 515 nu-

187 621 296 702 fuerit,
317 621 550 702 magistratum
578 619 662 681 inire
690 620 835 683 licuisse.
879 623 956 682 uter
983 620 1083 700 igitur
1111 622 1229 682 auctor
1255 620 1353 682 nobis

187 740 304 785 verum
327 722 542 786 Aristotelem
566 721 684 784 offert?
705 739 767 804 pro
789 722 930 784 Polluce
959 725 993 784 61
1021 721 1182 784 adversus
1204 721 1354 784 Roseum

187 825 273 888 haec
300 825 489 888 monuerim
499 838 516 885 :·'
535 824 690 905 primum,
720 839 926 906 quocunque
954 822 1057 886 modo
1085 825 1353 905 interpretemur,

189 929 335 992 6611611
357 927 424 990 lex.
453 924 549 990 (1611.
574 943 711 1008 quoque
739 924 782 987 τὰ
809 923 884 1009 τέλη
912 930 1049 990 1661616.
1095 926 1219 990 deinde
1247 927 1354 988 ἑκατέ-

188 1033 301 1110 ρωθεν
328 1031 364 1091 ἐκ
392 1033 556 1113 τριγονίας
584 1030 773 1110 terminum,
804 1030 861 1110 qui
890 1028 1026 1110 dicitur,
1062 1030 1252 1093 technicum
1281 1047 1355 1092 esse

188 1132 296 1196 videri
316 1134 467 1214 itemque
491 1133 719 1194 elocutionem
747 1129 806 1192 τὸν
829 1129 933 1214 δῆμον
960 1129 1109 1210 necaro
1132 1133 1184 1194 ius
1206 1131 1355 1198 Atticum

189 1253 317 1317 sapere.
363 1239 434 1298 tum
455 1235 642 1317 praesentis
671 1234 831 1315 temporis
860 1252 960 1296 usum
988 1235 1071 1296 nihil
1100 1234 1142 1296 ad
1166 1233 1356 1317 aagendam

188 1338 290 1400 1611161
305 1337 401 1402 Cant.
425 1337 670 1418 auctoritatem,
692 1337 866 1418 praeteriti
880 1337 963 1400 nihil
986 1336 1030 1400 ad
1044 1336 1263 1400 minuendam
1277 1337 1353 1400 Pol-

188 1440 272 1504 lucis
285 1441 420 1522 solere,
444 1458 521 1502 cum
542 1458 605 1503 nos
629 1456 767 1522 quoque
783 1441 884 1502 etiam
907 1439 951 1502 ad
965 1441 1085 1523 prioris
1109 1441 1185 1502 aevi
1206 1441 1357 1504 instituta

189 1543 411 1606 describenda
432 1543 530 1605 facile
551 1543 722 1624 praesenti
745 1547 897 1624 tempore
919 1544 969 1604 uti
986 1543 1163 1625 possimus.
1210 1542 1356 1625 denique

190 1661 414 1728 quaecunque
435 1644 494 1708 ille
516 1644 560 1707 ad
582 1642 675 1718 τέλος
699 1641 768 1728 (vel
790 1646 929 1727 τίμημα)
954 1648 1012 1706 aut
1035 1643 1276 1707 declarandum
1299 1650 1357 1708 aut

189 1746 418 1810 excusandum
443 1747 569 1829 afferat,
593 1749 694 1810 etiam
717 1746 761 1810 ad
782 1747 945 1809 Polluces
968 1746 1120 1809 adhiberi
1141 1763 1250 1828 posse.
1296 1747 1358 1811 sed
1424 1767 1426 1770 ·

188 1849 403 1912 nihilominus
432 1849 498 1912 lex.
530 1847 625 1912 Cant.
662 1867 742 1912 vere
776 1848 972 1912 Aristotelia
1004 1849 1148 1930 habere,
1182 1849 1357 1913 Pollucem
1416 1909 1437 1932 q
1486 1923 1487 1926 ,
1530 1827 1533 1834 Δ

187 1954 364 2016 immutata
384 1953 465 2016 mihi
479 1953 661 2016 verisimile
685 1957 735 2015 est
758 1953 802 2014 ob
820 1969 870 2034 ea,
895 1969 983 2034 quae
1003 1954 1039 2014 11
1054 1952 1121 2015 fine
1136 1951 1234 2015 huius
1258 1970 1355 2034 opus·

190 2055 256 2117 culi
269 2072 448 2146 exponam,
464 2055 523 2118 ubi
536 2055 611 2118 talis
623 2057 673 2117 rei
691 2053 927 2118 diiudicandae
937 2057 1088 2138 potestas
1105 2057 1175 2118 erit.
1208 2059 1356 2118 ceterum

189 2156 282 2240 qued
309 2156 401 2220 Reae
429 2157 513 2220 Poll.
543 2159 592 2221 HI
616 2156 654 2220 17
677 2156 763 2238 τάχα
792 2153 821 2219 δ’
848 2152 891 2219 dv
917 2159 1035 2220 τοῦτον
1064 2157 1148 2236 (scil.
1177 2157 1355 2244 proavum)

187 2256 412 2345 sporcadcopa
429 2255 647 2343 Ἀριστοτέλης
668 2258 769 2322 καλοῖ
788 2261 832 2324 ad
848 2262 939 2324 hunc
953 2261 1067 2324 locum
1082 2262 1225 2324 attinere
1239 2263 1355 2344 voluit,
1422 2301 1427 2308 ·

188 2364 216 2424 si
237 2379 356 2431 rerum
372 2367 470 2445 esset„
494 2365 627 2426 tertiam
641 2364 697 2427 vel
713 2370 804 2427 certe
819 2364 960 2427 alteram
984 2363 1028 2427 de
1043 2364 1164 2427 eadem
1174 2382 1216 2444 re
1230 2364 1355 2428 Aristo-

188 2465 303 2530 teliam
330 2465 465 2546 phrasin
493 2466 641 2548 ideoque
669 2484 794 2529 novam
831 2467 971 2541 adderet
1005 2466 1245 2531 difficultatem.
1295 2468 1358 2532 sed

188 2585 319 2649 vereor,
342 2572 379 2630 ut
392 2573 486 2632 recte
500 2570 625 2650 fecerit,
651 2588 726 2632 cum
744 2563 846 2632 ceteri
867 2572 903 2632 in
919 2570 1111 2634 elocutione
1133 2570 1169 2631 ἐκ
1184 2575 1355 2653 τριγονίας

190 2674 326 2754 (verius,
349 2677 386 2736 ut
409 2669 566 2754 equidem
582 2671 738 2751 arbitror)
761 2674 809 2734 ita
829 2672 1059 2755 intellegenda
1075 2675 1296 2756 consentiant,
1319 2677 1356 2737 ut

187 2781 322 2860 praeter
335 2779 493 2859 parentes
511 2777 565 2838 evi
581 2777 712 2838 tantum
727 2776 964 2857 significentur.
986 2811 1020 2819 —-
1037 2775 1143 2838 verba
1157 2777 1212 2838 κα1
1235 2773 1356 2858 ἱππάρ-

188 2900 264 2963 χους
286 2915 326 2924 -
355 2875 548 2960 ταξιάρχους
576 2876 654 2938 δέκα
684 2876 775 2960 apud
795 2878 974 2940 Pollucem
1001 2879 1035 2939 in
1066 2877 1214 2940 alienum
1241 2878 1355 2941 locum

189 2982 351 3065 migrasse
366 2981 497 3044 montrit
511 2979 617 3044 Rose:
635 2978 763 3042 scilicet
777 2985 854 3062 post
870 2971 1027 3042 ἁπάντων
1042 2979 1224 3042 inserenda
1238 2981 1356 3066 sunt.⁸)

259 3255 280 3323 7)
316 3254 361 3305 vel
379 3256 473 3323 potius
492 3251 546 3303 τῶν
570 3245 661 3318 δήμων
682 3243 842 3304 66111νῖ61
865 3252 940 3322 apud
958 3253 1101 3306 Pollucem
1124 3253 1274 3322 legendum
1297 3269 1358 3307 6666

187 3339 763 3404 Sintenisium(adPlutarch.The1nistocl.
779 3355 801 3391 c.
814 3341 835 3391 l.
847 3339 957 3409 Lipsiae
968 3337 1048 3406 1832)
1058 3355 1170 3392 censere
1180 3339 1283 3392 alicubi
1292 3340 1357 3410 legi.

259 3425 282 3491 ⁸)
320 3423 349 3478 C.
376 3425 498 3478 Kubiclri
524 3424 570 3494 (dc
596 3427 761 3494 magistratu
793 3424 889 3477 decern
920 3429 1107 3495 strategorum
1140 3429 1189 3478 616.
1234 3426 1358 3481 Berolini

191 3512 257 3567 1865
274 3511 427 3580 pat—40)
446 3515 536 3566 totum
554 3511 629 3564 hunc
647 3511 739 3564 locum
759 3513 785 3576 (fi
796 3509 913 3578 85-87)
932 3513 1106 3565 turbulenter
1124 3515 1266 3582 ingressus
1285 3515 1357 3566 illud

187 3594 216 3663 ἐξ
234 3591 362 3650 ἁπάντων
380 3601 428 3650 611
451 3598 553 3650 falsum
576 3604 624 3650 aut
647 3602 808 3666 corruptum
833 3613 895 3651 6666
918 3601 1025 3652 censuit
1043 3615 1149 3669 negans
1174 3616 1209 3652 ex
1228 3601 1357 3653 omuibus

187 3685 294 3737 civibus
307 3686 465 3753 promiscue
478 3689 614 3754 strategos
633 3689 739 3738 6166166
758 3700 828 3738 6666.
853 3686 902 3739 sed
915 3686 992 3754 quod
1009 3687 1059 3738 ille
1071 3689 1230 3755 negaverat,
1249 3685 1357 3737 idoneis

187 3773 359 3840 argumentis
379 3770 579 3823 demonstravit
596 3772 617 3824 I.
638 3769 670 3824 G.
682 3771 811 3839 Droysen
830 3771 957 3838 (Hermes
976 3772 1016 3824 IX
1031 3789 1059 3842 p.
1080 3774 1092 3824 1
1113 3775 1187 3840 sqq.)
1205 3785 1282 3823 more
1299 3785 1358 3825 non

187 3857 251 3927 lege
269 3857 435 3926 plerumque
452 3857 577 3909 tribuum
595 3859 733 3910 rationem
751 3857 876 3911 habitam
900 3871 962 3911 6666
980 3859 1092 3928 docens,
1115 3859 1280 3925 cautiusque
1297 3859 1357 3928 illo,

139 3929 146 3946 '
188 3959 359 4014 quamquam
381 3959 439 3997 non
463 3947 545 4013 recte,
570 3943 605 3996 de
627 3944 742 3997 Polluce
764 3945 906 3998 iudicavit.
941 3945 1013 3998 bene
1036 3947 1110 3998 enim
1133 3947 1288 4013 suspicatus
1317 3951 1358 3999 661

187 4031 321 4084 16111611
339 4035 417 4083 textu
435 4030 527 4100 posita¹
544 4032 753 4100 transponenda
771 4047 834 4084 esse
852 4034 997 4100 (ignoraus
1010 4032 1066 4085 hoc
1082 4035 1139 4084 iam
1151 4031 1274 4085 Roseum
1292 4046 1356 4100 pro-

187 4118 308 4186 tulisse),
331 4118 380 4170 sad
404 4121 496 4172 minus
519 4122 593 4170 16616
617 4118 695 4170 addit
717 4134 800 4187 posse
819 4118 869 4171 illa
894 4121 978 4171 ctiam
1001 4119 1142 4188 glossema
1160 4133 1229 4171 esse.
1264 4133 1356 4185 neque

187 4205 278 4272 magis
297 4205 323 4256 ei
342 4207 486 4272 assentior,
510 4204 585 4272 quod
609 4204 702 4257 Roseo
726 4206 810 4256 etiam
833 4205 907 4256 hunc
933 4205 968 4256 de
990 4205 1112 4256 militum
1131 4203 1248 4257 ducibus
1266 4205 1357 4258 locum

188 4287 348 4344 Aristotelis
372 4306 433 4344 6666
456 4291 563 4344 volenti
586 4307 643 4344 non
673 4291 799 4344 credidit.
840 4294 983 4359 postremo
1012 4305 1095 4358 quam
1125 4290 1197 4343 falso
1221 4293 1359 4344 censuerit

188 4371 321 4441 161116ἐξ
338 4370 466 4429 ἁπάντων
483 4382 549 4446 post
567 4371 717 4443 ἱππάρχους
735 4370 786 4429 δύο
805 4378 937 4446 ponenda
955 4393 1016 4430 esse
1040 4376 1093 4443 (ibi
1112 4377 1186 4428 enim
1208 4377 1259 4430 illa
1276 4393 1358 4430 suum

187 4461 282 4516 locum
299 4463 403 4534 161616)
423 4468 450 4516 61
468 4479 520 4533 pro
538 4465 573 4516 iis
592 4480 739 4516 numerum
761 4466 791 4516 in
809 4465 924 4518 Polluce
947 4463 1108 4532 desiderari,
1133 4463 1244 4535 demum
1267 4465 1297 4516 in
1315 4479 1357 4517 se·

187 4548 285 4606 cundo,
300 4553 387 4618 capite
405 4549 500 4602 videre
518 4552 681 4618 poterimus.
798 4542 800 4547 ¹
