3180 5136
670 408 822 504 *os—

165 615 293 697 ἔχονιες
313 641 342 678 κ.
363 640 391 679 τ.
413 615 442 678 λ.
472 621 525 695 (ut
546 617 635 698 apud
657 617 843 698 Pollucem,
864 615 923 679 sed
944 633 1013 678 non
1029 615 1202 679 ePolluoe
1217 635 1327 698 sump-

165 719 300 802 11111173),
323 721 427 783 schol.
443 719 563 782 Aesch.
582 721 697 782 confer
718 738 794 782 cum
815 719 916 800 Harp.
938 719 993 780 ἐπὶ
1015 711 1207 798 Παλλαδίῳῑ
1223 722 1327 801 Δημο-

165 826 285 904 σθένης
300 825 337 884 ἐν
351 825 394 902 τῷ
411 821 480 883 κατ’
490 816 763 903 Ἀριστοκράτους.
788 818 993 901 δικαστηριόν
1008 821 1098 883 ε’στιν
1113 815 1197 882 οὕτω
1212 819 1328 882 καλού-

162 948 273 1005 μενον,
287 921 330 999 ὡς
340 926 395 987 καὶ
407 920 628 1008 Ἀριστοτέλης
639 926 675 986 ἐν
687 922 871 1008 Ἀθηναίων
882 922 1043 1008 πολιτείᾳ,
1058 924 1094 985 ἐν
1106 911 1131 1004 ᾧ
1144 921 1329 997 δικάζουσιν

165 1025 320 1091 ἀκουσίου
349 1030 454 1110 φόνου
482 1030 537 1090 καὶ
565 1025 766 1107 βουλεύσεως
800 1024 835 1089 οἱ
861 1027 986 1108 ἐφέται.
1037 1024 1110 1106 ἔσχε
1144 1025 1179 1088 ἀὲ
1206 1027 1261 1087 καὶ
1288 1024 1327 1088 τὸ

164 1129 371 1215 δικαστήριον
405 1129 463 1213 τὴν
495 1133 554 1193 τοῶ
584 1129 776 1193 Παλλαδίου
810 1131 999 1208 ἐπωνυμίαν
1027 1131 1082 1191 καὶ
1118 1127 1150 1190 οἱ
1178 1128 1328 1191 δικασταὶ

164 1231 308 1318 τὴντῶν
337 1235 464 1316 ἐφετῶν
490 1234 650 1295 ἐντεῦθεν
683 1233 849 1314 (sequitur
879 1229 1058 1296 Clitodemi
1087 1232 1260 1314 narratio),
1295 1237 1329 1294 et

165 1339 227 1400 hos
257 1354 373 1400 omnes
403 1355 480 1398 oum
509 1335 612 1398 Suida
641 1333 709 1421 (vel
730 1336 898 1398 Pausania
919 1335 1107 1417 lexicogr.),
1139 1334 1198 1397 ubi
1228 1336 1326 1398 simili

164 1439 326 1521 Pollucis,
363 1439 480 1501 scholii
514 1438 652 1520 Aesch,
686 1438 958 1519 Harpocratiouis
994 1439 1157 1520 principio
1195 1437 1328 1500 additur

166 1547 199 1604 et
218 1541 428 1605 Phanodemi
451 1545 484 1602 et
507 1538 687 1605 Clitodemi
708 1541 870 1603 narratio:
899 1540 1085 1621 intelleges,
1116 1540 1328 1620 quambene

165 1644 437 1708 animadverterit
450 1645 542 1708 Itose
557 1665 589 1724 p.
601 1641 674 1725 450,
690 1643 872 1726 neglegens
887 1643 944 1705 ille
961 1642 1098 1724 quidem
1113 1644 1326 1706 scholiastam

163 1748 349 1830 Aeschinis,
371 1749 406 1810 in
429 1748 535 1828 primo
560 1751 593 1810 et
622 1747 792 1809 communi
820 1747 980 1828 omnium,
1009 1764 1093 1827 quos
1121 1747 1223 1809 modo
1247 1747 1326 1828 dixi,

167 1836 458 1930 grammaticorum
491 1850 585 1912 fonte
620 1848 796 1929 (Didymo)
831 1849 893 1910 tria
927 1845 1013 1932 (ipse
1045 1867 1136 1910 nunc
1171 1854 1325 1930 quartum

167 1952 253 2016 addo
286 1951 565 2038 Demosthenem)
601 1953 779 2015 coniuncta
817 1951 919 2014 fuisse
953 1951 1220 2030 (Demosthenis)
1256 1953 1326 2015 Ari-

165 2055 293 2118 stotelis
317 2054 527 2118 Phanodemi
557 2051 736 2118 Clitodemi
765 2055 965 2135 testimonia,
993 2053 1085 2117 unde
1103 2054 1197 2117 'alius
1220 2075 1325 2137 gram-

164 2159 304 2220 maticus
321 2159 387 2219 alia
402 2159 588 2239 sumpserit.
620 2153 985 2238 ἀχνῶτον11161116116111
1005 2161 1139 2238 praeter
1152 2158 1326 2220 Pollucem

164 2262 264 2324 etiam
286 2260 474 2342 Hesychius
497 2254 656 2324 servavit:
681 2256 835 2339 ἅχνῶτεςῑ
860 2262 931 2341 θεῷ
946 2254 1037 2322 οὕτω
1062 2259 1222 2339 λέγεσθαί
1242 2279 1326 2344 φασι

164 2362 238 2438 τοὺς
269 2363 354 2445 μετά
386 2361 443 2426 τὸν
474 2367 530 2447 τῆς
557 2359 656 2426 Ἰλίου
692 2362 797 2426 πλοῦν
832 2363 984 2446 Φαληροῖ
1014 2366 1237 2445 προσσχόντας
1270 2365 1326 2427 καὶ

137 2495 139 2498 ·
166 2461 405 2547 ἀναιρεθέντας
431 2461 496 2529 ἀπὸ
528 2470 747 2549 Δημοφῶντος
775 2469 930 2550 ταφῆναι.
975 2468 1017 2528 M.
1048 2467 1197 2530 Schmidt
1222 2468 1327 2532 verba

165 2570 235 2648 θεῷ
263 2563 346 2631 οὕτω
375 2566 533 2649 λέγεσθαι
568 2573 664 2650 putat
699 2587 717 2630 e
745 2568 971 2651 praecedente
999 2570 1112 2650 glossa
1144 2571 1326 2652 irrepsisse,

165 2673 256 2734 6111116
278 2673 403 2735 lemma
425 2671 592 2735 vocabulo
616 2667 770 2752 ἀχνῶστῳ
796 2671 910 2752 explet
932 2665 1101 2752 (ἀγνώστῳ
1125 2673 1211 2752 seps:
1241 2666 1325 2734 uico

162 2772 342 2856 λέγεσθαι.
359 2819 367 2834 .
384 2773 417 2860 .),
441 2778 475 2837 et
497 2774 630 2855 glossae
654 2769 793 2855 ἀγνῶτες
822 2773 979 2836 lacunam
1008 2778 1079 2837 tum
1106 2775 1140 2836 in
1162 2775 1325 2856 principio

163 2883 381 2958 apparentem
417 2894 436 2938 6
465 2874 592 2956 Oyrillo
629 2876 788 2958 complet:
824 2871 1035 2956 ἀχνῶριστοι,
1071 2871 1326 2960 ἀνεπιστήμονες

162 2982 217 3041 καὶ
241 2975 396 3060 ἀμαθεῖς.
433 2978 505 3042 aliis
528 2979 626 3041 aliter.
645 2978 826 3060 legendum
850 2996 923 3042 esse
945 2978 1132 3061 videbatur,
1155 2980 1235 3041 mihi
1250 2979 1325 3041 Pol-

162 3083 272 3144 lucem
297 3082 504 3162 comparanti
527 3082 596 3144 fere
624 3082 685 3156 ita:
716 3075 869 3161 ἀγνῶτες;
898 3083 983 3142 θεοῦ
1012 3077 1212 3166 [χρήσαντος]
1242 3075 1325 3144 οὕτω

163 3184 322 3266 λέγεσθαί
342 3202 426 3266 φασι
447 3182 523 3258 τοὺς
545 3181 628 3265 μετὰ
657 3182 714 3246 τὸν
738 3179 828 3269 [ἀπὸ]
851 3185 906 3264 τῆς
930 3178 1028 3245 Ἰλίου
1051 3182 1155 3246 πλοῦν
1179 3183 1331 3267 Φαληροῖ

163 3286 386 3368 προσσχόντας
408 3288 464 3350 καὶ
487 3283 728 3369 ἀναιρεθέντας
749 3282 813 3348 ἀπὸ
835 3288 1057 3370 Δημοφῶντος
1080 3288 1148 3365 [καὶ
1166 3289 1247 3366 ἐκεῖ]
1269 3311 1325 3350 τοι·

164 3397 295 3474 φεντας.
326 3389 386 3454 sed
408 3393 483 3452 utut
496 3389 562 3451 hoc
586 3394 646 3470 cst,
668 3387 703 3450 id
719 3393 865 3452 statuere
888 3388 1051 3453 debemus
1073 3389 1107 3451 in
1122 3391 1203 3470 ipsis
1224 3390 1325 3456 rebus

164 3493 331 3574 quaedam
355 3493 495 3555 confusa
517 3509 601 3555 esse.
640 3486 793 3570 ἀγνῶτων
817 3491 905 3554 enim
926 3492 1133 3554 mentionem
1146 3492 1269 3556 Pollux
1290 3496 1326 3556 iu

162 3595 371 3659 Phanodemi
392 3596 619 3658 narrationem
636 3595 761 3676 inserit,
785 3592 875 3675 apud
889 3591 1095 3674 Hesychium
1109 3595 1324 3678 Demophon-

164 3700 204 3760 tis
229 3699 502 3760 commemoratio
527 3697 569 3758 ad
586 3695 811 3760 Olitodemum
835 3698 964 3776 spectat
986 3694 1077 3780 (nam
1098 3698 1180 3759 nihil
1194 3698 1324 3780 probat,

164 3802 222 3882 qui
238 3817 257 3862 e
271 3800 370 3862 variis
393 3796 584 3862 auctoribus
606 3800 809 3880 compilavit,
829 3799 1014 3860 Pausanias
1035 3798 1182 3884 perieg.).
1213 3804 1323 3862 tamen

162 3905 229 3966 hoc
252 3902 387 3983 quidem
409 3891 486 3964 loco
509 3903 715 3983 Hesychium
739 3903 831 3963 varia
851 3901 1025 3964 miscuisse
1054 3919 1186 3984 censeo,
1213 3902 1324 3964 Pollu-

164 4177 278 4230 aliunde
304 4178 332 4228 in
360 4193 423 4229 eum
450 4176 528 4228 illata
554 4177 618 4227 sint.
661 4175 732 4226 illud
760 4179 855 4227 contra
882 4172 911 4226 Ο.
938 4173 967 4226 F.
996 4173 1183 4226 Hermannum
1213 4178 1326 4244 negavit

163 4263 286 4332 Philippi
305 4263 359 4316 1.1.
378 4280 405 4332 p.
424 4263 466 4316 54.

233 4367 271 4434 n)
307 4369 341 4421 cf.
365 4369 451 4422 schol.
475 4368 577 4420 codicis
608 4367 740 4419 Bernard.
764 4366 800 4417 ad
827 4365 854 4420 11.
877 4366 896 4418 l.
920 4357 1090 4433 clauserimus
1116 4360 1159 4417 aa
1184 4365 1326 4436 Παλλαδίῳ

162 4451 233 4506 ἐστὶν
250 4447 387 4507 ἀκουσίων
405 4449 506 4520 φόνων.
530 4453 610 4505 τοῦτο
623 4449 652 4504 δὲ
664 4445 820 4520 μνημονεύει
833 4449 878 4503 καὶ
890 4447 1064 4518 Δημοσθένης
1082 4446 1112 4502 ἐν
1129 4451 1165 4522 τῷ
1184 4446 1240 4503 κατ’
1257 4447 1325 4520 Ἀρι-

163 4533 334 4606 στοτράτονς.

1124 4633 1140 4685 5
