3180 5136
743 403 895 504 ἃ,
986 394 988 397 ,

235 614 386 696 legimus,
410 614 629 696 depravatum
653 632 735 677 esse.
780 615 939 695 Hesychii
962 614 1108 694 glossam
1126 607 1264 694 ἀγνῶτες
1281 613 1398 674 ePha-

236 715 373 779 nodemi
397 722 429 780 et
453 715 631 780 Clitodemi
659 717 907 780 narrationibus
937 717 1200 797 conglutinatam
1230 733 1304 778 esse
1331 717 1398 778 iam

237 818 396 903 vidimus,
419 821 534 902 itaque
556 819 743 882 secundum
766 837 817 901 ea,
840 820 973 901 quaein
990 818 1092 899 cap.I
1115 817 1158 880 de
1181 822 1317 880 auctore
1339 820 1398 881 has

234 923 442 986 narrationes
466 921 647 984 exhibente
669 923 812 1004 exposui
834 920 891 1005 (ad
915 917 1008 998 1118
1024 925 1056 982 61
1074 917 1161 1002 125),
1184 920 1399 984 statuendum

236 1026 297 1086 6111
331 1027 432 1088 ch'am
464 1025 551 1088 hanc
580 1025 726 1106 glossam
755 1029 950 1106 excerptam
980 1042 1054 1086 esse
1084 1041 1103 1086 e
1130 1041 1314 1106 permagna
1341 1025 1400 1087 illa

235 1127 425 1211 diapsalma
443 1123 633 1210 Ἀθήνησιν.
663 1129 891 1192 6611166111166
913 1129 1122 1190 narrationes
1147 1128 1346 1190 coniunctae
1364 1129 1399 1189 in
1458 1111 1460 1115 ¹

234 1231 368 1294 scholiis
390 1231 660 1293 Demosthenicis
690 1231 868 1294 exstabant
896 1231 1011 1313 ibique
1039 1230 1194 1311 capitalia
1222 1229 1399 1292 dicasteria

235 1334 356 1397 eodem
391 1332 509 1396 ordine
539 1333 796 1415 proferebantur
830 1351 930 1415 quem
963 1333 1108 1414 Hesych.
1143 1355 1173 1395 v.
1208 1331 1399 1416 δικαστήρια

227 1432 410 1520 Ἀθήνησιν
443 1436 608 1499 observat.
664 1436 708 1499 ad
742 1436 885 1500 eandem
918 1437 1079 1517 Hesychii
1110 1436 1257 1518 glossam
1289 1438 1397 1499 refero

235 1541 336 1602 etiam
359 1557 409 1622 ea,
433 1556 521 1620 quae
535 1539 657 1602 Pollux
674 1544 689 1616 §
710 1535 765 1600 121
783 1539 901 1621 habet,
923 1539 1001 1600 hinc
1022 1539 1122 1620 igitur
1142 1539 1282 1601 sortasse
1298 1541 1398 1602 etiam

234 1643 347 1724 glossa
369 1643 422 1703 ἐπὶ
445 1640 591 1723 Λύκειον4
614 1644 764 1704 manavit
794 1660 941 1704 errorem
969 1641 1120 1704 nondum
1149 1645 1218 1704 tam
1246 1647 1399 1723 apertum

235 1747 420 1826 conh'nens,
450 1763 552 1826 quam
581 1746 638 1827 qui
668 1746 758 1825 apud
779 1744 955 1808 Pollucem
984 1762 1074 1806 nunc
1097 1748 1215 1806 exstat.
1259 1744 1294 1807 id
1317 1764 1397 1827 quo·

235 1864 301 1929 que
323 1849 403 1910 mihi
426 1847 610 1911 admodum
633 1852 683 1910 est
704 1847 881 1929 probabile
902 1848 1076 1911 Pollucem
1102 1865 1144 1910 ex
1168 1847 1287 1910 eadem
1301 1849 1398 1910 Pam-

234 1951 316 2031 phili
343 1943 461 2032 'glossa
495 1952 595 2013 etiam
629 1947 855 2028 11122--124
886 1951 1023 2033 proprio
1056 1951 1215 2012 lemmate
1248 1957 1399 2014 carentes

237 2055 427 2134 sumpsisse.
473 2054 636 2116 1611161161
659 2053 856 2136 cuiglossa,
888 2071 976 2135 quae
1002 2053 1049 2115 ita
1077 2052 1167 2134 apud
1188 2055 1399 2136 Pamphilum

235 2155 414 2218 statuenda
437 2160 497 2238 est,
519 2157 627 2219 maior
647 2155 788 2238 videtur,
814 2157 958 2219 libenter
981 2155 1131 2220 concedo
1153 2157 1315 2220 Pollucea
1336 2159 1399 2221 for-

235 2261 323 2320 tasse
346 2259 476 2322 duabus
499 2259 617 2342 glossis
641 2260 792 2338 (alterius
816 2260 948 2341 glossae
969 2260 1094 2322 lemma
1116 2261 1158 2322 sit
1180 2259 1332 2325 δικασταί
1344 2263 1400 2324 vel

232 2360 340 2423 simile
363 2360 503 2444 abquid)
528 2362 705 2424 tribuenda
727 2380 810 2425 esse.

318 2473 446 2554 Restat,
474 2478 512 2536 111
535 2492 591 2536 666
613 2473 775 2552 Hesychii
803 2475 931 2556 glossas
961 2475 1236 2558 contemplemur,
1267 2495 1398 2558 quasa

232 2574 372 2637 Polluce
395 2575 575 2640 abhorrere
603 2576 781 2638 videantur
809 2582 867 2639 aut
881 2595 1012 2656 ¹reuera
1040 2577 1251 2648 abhorreant.
1296 2580 1398 2643 alium

232 2676 360 2739 fontem
383 2697 422 2740 ac
444 2679 568 2741 Pollux
591 2683 622 2756 (1
648 2676 723 2758 100)
746 2680 934 2758 Hesychius
956 2679 1134 2743 videbatur
1161 2685 1295 2744 secutus
1324 2700 1398 2745 esse

233 2801 262 2842 V.
286 2779 478 2862 τριάκονταε
503 2771 593 2843 οὗτοι
622 2783 884 2864 ἐχειροτονοῦντο
900 2781 1049 2845 δικασταὶ
1067 2778 1258 2866 Ἀθήνησιν,
1282 2781 1398 2858 οἵτινες

232 2882 452 2966 ε’·ζημίονν(το)
476 2881 551 2958 τοδς
573 2881 615 2967 μὴ
640 2895 924 2967 παραγενομένους
950 2887 1015 2948 τῶν
1043 2883 1187 2948 πολιτῶν
1216 2884 1261 2960 εἰς
1289 2885 1396 2968 daniq-

234 2989 318 3051 σίον.
348 2986 408 3050 sed
429 2988 495 3050 hoo
516 2989 626 3070 ipsum
650 2989 844 3071 exemplum
866 2989 921 3051 vel
945 2988 1088 3052 duorum
1110 2990 1263 3052 locorum
1285 2989 1396 3052 Pollu-

234 3107 371 3152 ceorum
394 3109 469 3152 cum
487 3091 702 3172 Hesychiano
726 3093 819 3154 sonte
843 3109 1044 3155 consensum
1068 3093 1157 3154 clare
1180 3091 1395 3155 demonstrat.

234 3192 403 3256 ordiamur
424 3211 564 3256 neeesse
587 3200 638 3257 est
660 3213 681 3256 a
701 3195 797 3257 Phot.
821 3193 1014 3276 τριάκονταε
1037 3198 1162 3278 πρῶτοι
1184 3198 1245 3276 μὲν
1267 3192 1398 3257 οἱκατὰ

232 3292 329 3357 πόλιν
352 3295 511 3380 δικασταί,
535 3296 679 3380 δεύτεροι
702 3296 736 3360 οἱ
756 3295 841 3361 κατὰ
864 3297 983 3382 δήμους
1006 3297 1194 3380 τριάκοντα,
1216 3299 1272 3381 τῆς
1287 3297 1395 3383 ἐκκλη-

233 3399 304 3470 σίας
340 3398 591 3480 ἐπιμελούμενοι
629 3397 714 3481 μετὰ
753 3403 818 3463 τῶν
856 3399 1057 3486 ληξιάρχων·
1087 3395 1188 3474 οὕτως
1224 3398 1392 3483 Φρύνιχος.

232 3501 475 3582 ρ11111116Μ6161
491 3503 573 3582 (Α11.
589 3505 684 3566 Proc.
700 3523 733 3585 p.
749 3500 873 3566 801161.
890 3502 946 3582 43)
967 3503 1201 3567 animadvertit
1216 3504 1397 3567 verborum

232 3600 330 3664 πόλιν
358 3609 391 3667 61
418 3603 536 3686 δήμιος
565 3607 707 3670 6116111111
735 3607 769 3668 in
803 3606 939 3668 alterius
972 3606 1048 3668 loco
1083 3606 1278 3688 ponendum
1312 3625 1395 3669 esse.

233 3705 359 3788 duplex
380 3708 480 3788 igitur
501 3709 562 3770 fuit
583 3726 689 3790 genus
713 3710 1009 3791 trigintavirorum:
1034 3708 1177 3772 alterum
1199 3727 1316 3773 eorum
1340 3712 1397 3792 qui

232 3827 293 3890 per
313 3826 418 3892 pagos
440 3811 492 3873 ius
520 3810 669 3874 dicerent
692 3811 791 3890 (Poll.
815 3816 831 3888 1
856 3809 943 3895 100),
972 3811 1114 3875 alterum
1137 3811 1229 3894 quod
1256 3813 1291 3874 in
1321 3830 1402 3875 con.

233 3912 389 3994 tionibus,
418 3932 462 3976 ne
491 3913 571 3995 quid
601 3913 861 3996 delinqueretur,
890 3915 1116 3996 prospiciebat
1139 3916 1239 3994 [Poll.
1263 3920 1279 3992 1
1305 3913 1398 3998 104);

232 4005 329 4078 alteri
351 4021 446 4078 erant
467 4015 629 4099 κληρωτοί
650 4018 705 4095 (ef.
723 4017 820 4079 Phot,
836 4039 867 4079 v.
884 4015 1154 4100 catraperseta),
1177 4017 1274 4080 alteri
1294 4039 1398 4098 χειρο·

232 4121 364 4202 τονητοί
384 4119 521 4198 (Pollux
535 4121 671 4201 rectius,
694 4124 731 4182 ut
745 4119 886 4203 videtur,
910 4138 968 4183 eos
985 4121 1269 4202 προσαιρεθέντας
1285 4122 1398 4203 appel-

232 4209 303 4304 161).
349 4221 599 4285 confunduntur
630 4223 716 4284 haec
745 4221 811 4285 duo
842 4239 966 4304 genera
994 4242 1015 4284 a
1041 4222 1108 4284 lex.
1131 4223 1237 4285 Bekk.
1261 4220 1333 4304 309,
1357 4221 1398 4285 33

233 4327 317 4398 τίνες
339 4327 444 4387 ποίων
467 4324 681 4408 δικαστηρίων
703 4318 790 4406 εἶχον
812 4321 870 4408 τὴν
891 4317 1081 4406 ἦγεμονίανε
1099 4373 1106 4386 .
1124 4371 1155 4386 ..
1186 4322 1218 4386 οἱ
1239 4324 1397 4408 τεσσαρά-

234 4449 344 4508 κοντα,
361 4423 416 4502 οὓς
431 4425 716 4512 ἐχειροτόνουν
735 4425 917 4507 μάλιστα
932 4424 1155 4510 φυλάττειν
1170 4424 1240 4490 τὸν
1256 4426 1397 4510 δῆμον,

234 4517 324 4591 οὗτοι
346 4529 406 4605 ἕως
430 4519 514 4614 ἦσαν
542 4528 730 4613 τριάκοντα,
760 4530 819 4604 ἕως
848 4528 925 4592 δέκα
954 4528 1107 4613 δραχμῶν
1136 4529 1285 4604 ἐδίκαζον
1313 4528 1398 4592 κατὰ

1194 4640 1227 4692 711
