3194 5136
713 475 728 540 1

659 565 811 574 --—.

152 687 341 769 importuna
361 685 486 748 librarii
510 684 768 764 transpositione
798 685 922 747 omissa
950 681 1107 746 addenda
1135 681 1185 744 sit.
1229 699 1319 743 nuno

153 795 187 851 ut
208 791 395 872 posteriora
416 788 531 868 verba,
563 788 610 850 sic
639 790 747 849 totum
777 787 819 849 de
843 786 1015 869 apodectis
1044 786 1157 847 locum
1187 784 1230 850 ad
1253 784 1319 844 An-

154 893 340 956 drotionem
361 891 557 956 rettulerim.
603 882 715 970 neque
739 891 828 952 enim
844 907 863 952 0
877 889 1041 953 Boeclrhii
1063 906 1100 950 re
1115 889 1203 969 lacit,
1228 885 1319 968 quod

153 996 279 1058 Polluci
304 997 424 1058 erroris
447 994 576 1056 socium
600 991 727 1054 addere
748 1011 850 1074 posse
879 992 942 1055 sibi
964 991 1143 1054 videbatur
1166 993 1319 1072 quamvis

152 1097 328 1180 ansellum,
357 1102 394 1159 ut
420 1099 494 1179 ipse
523 1096 710 1178 confitetur,
738 1095 1017 1178 lexicographum
1039 1094 1146 1156 Bekk.
1178 1092 1249 1175 leo,
1281 1091 1319 1154 15

152 1199 368 1281 κωλακρέταιι
393 1197 426 1262 οἱ
446 1201 642 1281 κρατοῦντες
665 1195 852 1280 δικαστικην
875 1200 1002 1281 ζημίαν.
1038 1215 1082 1260 ne
1105 1198 1159 1259 hic
1182 1196 1321 1278 quidem

153 1308 188 1365 ut
209 1303 419 1366 Boeclrhium
442 1319 575 1384 sequar,
605 1319 702 1363 ame
730 1303 910 1382 impetrare
938 1318 1086 1382 possum.
1132 1316 1202 1360 non
1232 1299 1320 1361 euim

153 1410 232 1488 puto
263 1407 518 1488 grammaticum
546 1404 642 1467 illum
672 1403 715 1466 dc
736 1403 878 1466 iuridioa
907 1403 1054 1484 quadam
1078 1402 1322 1464 oolacretarum
1428 1469 1430 1474 ,

153 1513 317 1590 potestate
345 1509 455 1592 loqui,
491 1507 552 1570 sed
589 1507 674 1570 illud
704 1525 821 1594 eorum
848 1495 979 1570 munus
1004 1506 1217 1588 intellegere,
1254 1521 1320 1587 quo

152 1611 342 1675 mercedem
356 1611 567 1673 iudiciariam
583 1610 823 1693 distribuerint,
847 1629 890 1672 ex
904 1611 985 1692 ipsis
1001 1610 1113 1672 multis
1129 1607 1322 1670 mercedem

152 1714 300 1778 iudicum
323 1715 409 1776 sumi
425 1713 678 1795 significantem.
725 1716 849 1795 quain
871 1731 908 1775 re
932 1712 1064 1795 gaudeo
1080 1711 1322 1774 Ruhnkenium

153 1817 194 1880 ad
205 1817 380 1880 Timaeum
392 1834 417 1878 s.
430 1837 461 1877 v.
476 1815 598 1880 eodem
611 1815 713 1880 modo
727 1817 983 1900 grammaticum
994 1814 1090 1878 illurn
1101 1814 1209 1878 videri
1220 1815 1319 1876 inter-

151 1921 283 2002 pretari,
307 1937 384 1981 cum
407 1936 485 1980 eum
507 1917 771 2001 Aristophanem
786 1920 988 1999 Byzantium
1012 1920 1079 2000 (ap.
1097 1917 1200 1981 schol.
1217 1917 1317 1981 Arist.

152 2024 212 2084 Av.
239 2020 336 2100 1541)
360 2023 456 2105 sequi
478 2021 726 2104 suspiceturw)

238 2124 334 2208 Quae
345 2123 637 2207 postratusque
650 2125 739 2209 apud
752 2111 928 2190 Pollucem
938 2127 1106 2209 leguntur,
1125 2124 1168 2188 ad
1180 2123 1255 2199 τοὺς
1267 2146 1322 2186 τα·

152 2231 227 2309 μίας
249 2231 304 2311 τῆς
326 2227 412 2290 θεοῦ
438 2230 589 2291 referunt
615 2230 778 2313 plerique,
816 2249 835 2292 0
856 2231 958 2310 Lysia
979 2229 1029 2292 IX
1057 2228 1076 2291 7
1104 2229 1226 2292 hausta
1248 2246 1322 2291 0550

152 2332 317 2394 affirmant
340 2350 467 2394 omnes.
514 2337 551 2394 ut
572 2333 657 2395 illud
679 2351 740 2414 pro
765 2335 942 2416 explorato
958 2331 1164 2415 habendum,
1187 2333 1235 2395 sic
1256 2331 1322 2394 hoc

151 2435 232 2496 mihi
261 2434 397 2515 quidem
427 2434 567 2497 dubium
598 2440 656 2498 051.
702 2436 908 2518 ubicumque
936 2437 1026 2500 enim
1048 2436 1211 2500 Pollucea
1233 2436 1321 2498 testi-

151 2537 266 2599 monia
288 2554 332 2600 ex
355 2537 544 2600 oratoribus
567 2537 705 2601 fluxisse
736 2543 864 2602 certum
894 2544 954 2623 est,
983 2539 1090 2606 multo
1119 2539 1259 2621 propius
1283 2555 1324 2598 ea

153 2639 196 2702 ad
218 2640 292 2721 ipsa
315 2640 456 2703 oratoris
479 2640 584 2704 verba
607 2641 771 2704 accedere
794 2642 1022 2705 observamus.

237 2742 291 2804 Ad
312 2743 414 2824 plane
438 2743 541 2805 alium
564 2744 667 2807 finem
688 2747 843 2826 pervenit
865 2745 956 2808 Rose
978 2765 1010 2826 p.
1034 2742 1107 2807 442.
1137 2743 1323 2823 Didymum

155 2847 244 2908 enim
261 2862 329 2907 uno
344 2844 534 2927 eodemque
552 2845 629 2909 loco
650 2847 692 2910 de
706 2849 883 2910 landarum
900 2848 1000 2909 variis
1017 2846 1202 2929 generibus
1216 2846 1324 2927 egisse

153 2953 255 3029 atque
277 2947 357 3010 inde
378 2948 526 3030 reliquos
550 2966 679 3032 omnes,
704 2951 805 3012 etiam
819 2950 1007 3032 Pollucem,
1030 2950 1182 3012 hausisse
1205 2948 1319 3030 opina-

151 3055 222 3132 tur,
251 3055 322 3112 tum
353 3069 510 3133 magnam
539 3051 710 3133 quandam
741 3058 775 3116 et
802 3058 1001 3136 perpetuam
1035 3051 1325 3134 perturbationem

154 3155 449 3236 grammaticorum
463 3155 679 3239 neglegentia
695 3161 803 3220 ortam
818 3157 922 3240 fingit,
945 3155 1037 3220 unde
1061 3157 1162 3219 etiarn
1175 3153 1324 3218 Pollucis

155 3256 199 3319 de
228 3256 402 3320 colaeretis
431 3275 524 3320 error
554 3264 645 3322 ortus
674 3262 725 3322 sit.
776 3260 837 3323 sed
863 3261 945 3323 mihi
972 3278 1050 3322 mea
1083 3260 1168 3321 ratio
1197 3257 1325 3319 facilior

153 3359 531 3442 ideoque'probabilior
545 3363 685 3425 videtur.
717 3365 874 3426 nimirum
890 3364 1184 3446 grammaticorum
1206 3359 1325 3423 turbae

155 3480 285 3524 errores
298 3463 445 3526 tribuere
456 3465 596 3548 malunt,
614 3485 716 3547 quam
727 3466 950 3550 librariorum,
967 3471 1139 3547 tamquam
1151 3466 1181 3527 si
1190 3464 1324 3527 illorum

155 3565 280 3646 scripta
301 3583 371 3628 non
393 3566 513 3630 iisdem
536 3573 639 3650 atque
662 3569 764 3632 etiam
786 3568 969 3633 maioribus
992 3569 1150 3650 periculis
1173 3566 1326 3630 subiecta

154 3667 287 3750 fuerint,
312 3667 433 3748 quibus
455 3670 577 3752 reliqui
599 3675 763 3734 auctores.

700 3825 781 3904 §98

152 3942 257 4024 Harp.
291 3941 514 4025 γραμματεάςι
655 3938 673 4008 ὁ
707 3946 916 4029 γραμματεὺς
954 3950 1024 4022 πῶς
1062 3970 1098 4010 τε
1138 3947 1325 4009 καθίστατο

22 4073 23 4076 “
151 4047 210 4106 καὶ
237 4049 272 4106 τί
299 4043 475 4128 ἔπραττεν,
513 4042 557 4121 ὦς
586 4049 651 4110 τῶν
679 4049 879 4132 γραμμάτων
906 4050 934 4114 τ’
964 4052 1034 4113 deul
1061 4049 1171 4134 κύριος
1199 4050 1256 4112 καὶ
1283 4048 1326 4110 τά

151 4151 359 4232 ψηφίσματα
386 4147 429 4212 τά
458 4148 619 4232 γενόμενα
649 4151 809 4236 φνλάττει
830 4155 886 4216 καὶ
908 4151 951 4216 τά
980 4149 1068 4216 ἄλλα
1098 4151 1210 4216 πάντα
1239 4148 1326 4215 ἀντι-

152 4249 318 4334 γράφεται
333 4253 388 4313 καὶ
403 4251 646 4337 παρακάθηται
659 4257 698 4340 τῇ
714 4255 826 4341 βουλῇ,
850 4254 1029 4340 δεδήλωκεν
1044 4252 1326 4339 Ἀριστοτέλης

152 4353 192 4414 ἐν
209 4347 394 4436 Ἀθηναίων
414 4353 575 4441 πολιτείᾳ.

225 4523 264 4591 ²²)
301 4525 399 4578 eodem
418 4525 502 4578 modo
526 4529 588 4594 ipse
606 4525 720 4579 Boeckh
738 4529 768 4580 in
790 4531 881 4596 priore
900 4529 1053 4581 editionel
1076 4545 1104 4596 p.
1125 4526 1174 4583 188
1192 4531 1325 4596 interpre-

151 4616 228 4663 tatus
248 4617 313 4664 erat.

1125 4713 1157 4765 2*
