3180 5136
815 384 857 450 64

251 589 369 661 θέντος
384 582 548 669 Ἀθήναις,
571 591 781 671 Δημοφῶντα
803 585 955 672 ἁρπάσαι
976 587 1012 653 τὸ
1036 589 1238 665 Παλλάδιον,
1260 593 1316 654 καλ
1338 589 1415 654 πολ·

248 688 324 763 λοὺς
351 693 417 753 τῶν
445 689 628 753 διωκόντων
657 691 795 755 ἀνελεῖν.
839 696 896 755 τοῦ
926 692 960 755 δὲ
983 688 1219 774 Ἀγαμέμνονος
1249 693 1415 773 δυσχεραί·

248 815 361 866 νοντος
382 795 488 872 κρίσιν
510 785 666 873 ὑποσχεῖν
687 787 752 856 ὑπὸ
781 793 811 857 ν’
830 791 1015 877 Ἀθηναίων
1043 796 1098 856 καλ
1121 794 1151 858 ν’
1170 791 1330 878 Ἀργείων
1361 791 1417 870 οὓς

249 895 370 976 ἐφέτας
402 893 583 977 κληθῆναι,
619 888 672 957 διά
706 894 743 959 τὸ
773 901 850 978 παρ’
879 893 1076 979 ἀμφοτέρων
1110 898 1277 980 ἐφεδηναι
1306 893 1417 981 αὐτοῖς

248 998 323 1076 περὶ
346 998 401 1077 τῆς
424 1000 565 1077 κρίσεως.
611 1002 794 1080 praeterea
809 999 1067 1062 Phanodemum
1090 1005 1225 1063 secutus
1249 1005 1299 1064 est
1321 1001 1416 1063 scho-

246 1101 345 1161 liasta
367 1098 523 1161 Aeschin.
554 1100 586 1162 H
614 1097 666 1182 87,
697 1103 754 1182 qui
783 1103 884 1164 etiam
911 1101 1008 1183 plura
1039 1121 1139 1184 quam
1169 1103 1288 1166 Suidas
1314 1103 1417 1166 habet

248 1206 351 1284 atque
373 1203 408 1263 in
430 1201 481 1263 his
505 1219 641 1283 quoque
665 1221 741 1265 cum
763 1203 904 1267 Polluce
928 1205 1109 1286 consent't3
1140 1203 1322 1269 Olitodemi
1349 1203 1416 1266 fide

247 1304 363 1366 nititur
384 1302 485 1384 Harp.
509 1324 540 1365 v.
564 1304 618 1365 ἐπὶ
643 1303 833 1386 Παλλαδίῳ.
878 1307 940 1368 hos
963 1305 1048 1369 duos
1072 1311 1227 1370 auctores
1243 1311 1301 1370 aut
1323 1306 1414 1369 solos

250 1407 531 1468 commiscuerunt
561 1410 628 1487 aut,
660 1407 751 1488 quod
781 1409 862 1470 mihi
891 1407 1099 1489 probabilius
1130 1413 1195 1490 est,
1226 1411 1359 1472 tertium
1368 1407 1413 1486 ⁶⁹)

247 1509 301 1572 vel
334 1508 445 1570 solum
478 1508 533 1570 vel
565 1527 635 1570 una
671 1527 746 1571 cum
783 1509 950 1590 prioribus
975 1512 1087 1592 ¹secuti
1120 1515 1197 1573 sunt
1230 1512 1415 1574 Pausanias

245 1612 417 1693 periegeta
438 1610 463 1691 Ι,
486 1605 538 1692 28,
561 1609 581 1671 8
604 1629 653 1691 sq.
678 1615 711 1674 et
732 1612 799 1673 lex.
822 1612 928 1674 Bekk.
959 1610 1032 1694 311,
1058 1609 1143 1691 3⁷⁰).
1188 1613 1318 1675 initium
1339 1613 1415 1676 Pol-

246 1715 335 1777 lucei
356 1713 422 1776 loci
444 1713 577 1775 videtur
600 1731 619 1776 e
641 1714 815 1776 Demosth.
839 1719 1010 1796 sumptum
1034 1734 1108 1779 esse
1131 1713 1355 1798 (discurrimus
1377 1713 1414 1776 τὸ

246 1819 311 1878 τῶν
335 1811 497 1876 ἀκουσίων
519 1813 646 1896 φόνων)
657 1813 715 1894 ⁷¹).
747 1834 907 1897 compara
920 1835 1012 1880 nunc
1026 1817 1201 1880 Pollucem
1218 1836 1295 1880 curn
1310 1818 1413 1880 schol.

245 1919 402 1982 Aeschin.
425 1918 481 1979 ἐπὶ
494 1915 598 1997 τούτῳ
615 1919 781 1998 ἐκρίνοντο
804 1915 837 1981 οἱ
853 1914 1002 1982 ἀκούσιοι
1018 1921 1131 2002 φόνοι·
1155 1917 1189 1982 cc‘
1210 1919 1245 1982 δέ
1260 1919 1414 2002 ἐντούτῳ

246 2025 290 2103 τῷ
315 2021 507 2102 δικαστηρίῳ
532 2018 714 2094 δικάζοντες
738 2019 915 2107 ἐκαλοῦντο
939 2023 1066 2104 ἐφέται,
1089 2021 1239 2097 ἐδίκαζον
1262 2022 1296 2085 δὲ
1319 2018 1414 2084 ‹inov-

1050 2119 1067 2146 Ji

247 2129 318 2186 σίου
347 2121 452 2205 φόνον
485 2123 541 2184 καὶ
569 2121 769 2204 βουλεύσεως
802 2124 857 2185 καλ
887 2121 1014 2207 ολκέτηυ
1046 2149 1065 2205 η
1096 2131 1248 2205 μέτοικον
1274 2121 1294 2206 ἢ
1323 2127 1416 2199 ξένον

250 2223 509 2302 caramlocum).
541 2220 725 2309 ὠνομάσθη
749 2226 784 2288 δέ
807 2228 974 2300 ἐντεῦθεν,
1006 2223 1140 2308 ’Δργεῖοι
1162 2225 1199 2289 τὸ
1225 2226 1416 2290 Παλλάδιον

317 2432 353 2498 ⁸⁹)
390 2432 424 2482 cf.
443 2431 554 2496 Lysiam
570 2412 647 2497 'apud
665 2430 751 2482 schol.
766 2428 881 2482 Aristid.
892 2430 998 2483 vollll
1015 2446 1043 2498 p.
1056 2430 1256 2500 menindus,
1276 2431 1324 2483 ubi
1343 2432 1415 2484 falso

247 2511 402 2584 Δημόφιλος
420 2530 471 2583 pro
491 2513 640 2582 Δημοφῶν.

316 2605 354 2668 ¹⁰)
389 2602 481 2655 Roseo
500 2617 527 2669 p.
546 2601 598 2654 450
615 2603 733 2668 uterque
750 2601 961 2653 Phanodemum
985 2602 1096 2654 videtur
1119 2608 1227 2655 secutus
1246 2619 1315 2658 esse.
1352 2621 1415 2656 cum

246 2693 330 2744 etiarn
348 2689 383 2741 ad
400 2693 525 2740 nostram
544 2689 737 2756 quaestionem
756 2689 846 2746 faciat,
869 2704 926 2740 rem
946 2691 1100 2741 accuratius
1119 2691 1346 2760 contemplemur,
1364 2691 1416 2743 sed

245 2780 311 2831 satis
331 2777 383 2828 erit
402 2775 437 2826 de
456 2776 594 2827 Pausania
613 2775 712 2842 egisse.
748 2774 793 2826 hic
811 2775 897 2843 igitur
917 2791 980 2826 cum
993 2773 1149 2828 Clitodemo
1169 2779 1305 2829 consentit
1321 2780 1350 2828 in
1369 2777 1414 2829 his

244 2865 336 2916 verbis
355 2861 528 2936 Δημοφῶντα
545 2856 664 2926 λέγουσιν
682 2898 730 2913 ...
749 2851 851 2928 ἄνδρας
870 2853 961 2912 αὐτῶν
978 2854 1136 2914 ἀποκτεῖναι
1152 2859 1197 2912 καλ
1215 2857 1245 2913 τὸ
1260 2855 1415 2914 Παλλάδιον

245 2944 403 3016 ἁρπάσαντα
427 2946 563 3015 vipereum
589 2948 618 2998 in
649 2946 765 3013 reliquis
794 2945 930 3000 dissentit,
971 2962 1035 3000 cum
1058 2947 1239 3000 Phanodemo
1261 2949 1414 3002 Pausanias

245 3037 381 3089 consentit
397 3036 427 3085 in
445 3033 502 3084 his:
528 3029 612 3098 φασὶν
635 3025 749 3098 ἁλούσης
770 3025 853 3083 Ἰλίου
877 3037 935 3094 ταῖς
959 3031 1055 3084 ναυσίν
1078 3027 1164 3085 ὀπίσω
1187 3033 1344 3106 κομίζεσθαι
1367 3034 1415 3086 καλ

244 3115 295 3190 ἤδη
313 3140 340 3174 τε
357 3115 440 3172 νύκτα
459 3115 566 3186 ἐπέχειν,
586 3111 622 3178 ῶς
633 3113 703 3169 κατά
717 3113 841 3185 Φάληρον
852 3113 973 3180 πλέοντες
984 3119 1114 3185 γίνονται,
1134 3121 1168 3172 cf.
1187 3123 1315 3187 inprimis
1328 3121 1415 3172 verba

245 3209 411 3261 scholiastae
434 3205 596 3273 Aeschinis,
625 3205 702 3256 cuius
726 3207 914 3257 narrationem
939 3221 954 3257 e
977 3206 1158 3258 Phanodemo
1186 3205 1302 3258 fluxisse
1325 3209 1412 3257 mani·

246 3297 347 3347 festum
370 3297 423 3346 est:
452 3285 507 3344 άπδ
533 3291 635 3355 Τροίας
658 3283 880 3362 άνακομιζάμενοι
910 3285 1063 3358 ῶρμίσαντο
1087 3293 1218 3360 Φαληροῖς
1245 3295 1275 3344 in
1297 3293 1412 3360 reliquis

246 3382 291 3433 vel
314 3383 436 3432 maxime
459 3379 600 3447 dissentit,
629 3393 748 3446 quorum
774 3393 815 3447 ea,
842 3393 915 3445 quae
938 3379 974 3430 ad
998 3395 1049 3432 nos
1072 3381 1222 3447 pertinent,
1248 3394 1413 3447 proponam.

244 3467 410 3519 Diomedem
431 3469 557 3519 nesciunt
581 3464 778 3518 Phanodemus
804 3469 831 3516 et
854 3467 902 3532 qui
926 3481 990 3518 emn
1012 3468 1099 3518 secuti
1123 3470 1199 3518 sunt:
1224 3480 1288 3518 nam
1305 3469 1413 3518 tantum

245 3555 341 3606 dicunt
356 3547 469 3622 Ἀργεῖοι
488 3548 587 3617 (τινές).
617 3553 686 3604 item
704 3553 835 3620 ignorant
845 3551 1070 3619 Demophontem
1088 3567 1105 3602 a
1118 3549 1274 3604 Olitodemo
1294 3567 1413 3625 comme-

243 3644 396 3694 moratum:
415 3656 479 3691 nam
498 3639 573 3706 apud
596 3637 673 3692 Suid.
697 3631 751 3688 ὑπὸ
773 3631 931 3704 Ἀθηναίων
953 3638 1064 3707 legitur,
1088 3639 1161 3706 apud
1187 3637 1258 3692 Poll.
1281 3630 1335 3688 ὑπὸ
1358 3636 1414 3688 τῶν

244 3724 389 3794 ἐγχωρίων,
417 3725 491 3794 apud
519 3725 605 3777 schol.
633 3723 765 3776 Aeschin.
792 3722 846 3774 τῶν
872 3718 1005 3790 ἐγχωρίων
1032 3719 1108 3784 τινές.
1153 3725 1317 3776 Pausaniam
1344 3737 1412 3775 vero

243 3815 415 3882 periegetam
438 3811 596 3878 complures
620 3813 746 3862 auctores
770 3808 933 3861 adhibuisse
955 3810 1081 3861 indicant
1103 3811 1163 3862 eius
1181 3810 1279 3862 verba:
1303 3807 1353 3860 παλ
1370 3799 1413 3860 ὅτι

244 3896 291 3968 μὲν
309 3897 450 3966 Δημοφῶν
471 3895 578 3964 πρῶτος
601 3891 722 3946 ἐνταῦθα
745 3887 840 3960 ὑπέσχε
863 3894 947 3962 δίκας,
977 3888 1254 3964 ἀμφισβητοῦσιν
1277 3888 1413 3955 οὐδένες

245 3989 331 4054 (quae
349 3990 442 4038 tamen
460 3999 518 4036 non
530 3983 722 4035 demonstrant
733 3981 945 4033 Phanodemum
958 3981 1060 4033 diserte
1072 3980 1277 4048 Demophontis
1296 3981 1412 4032 mentio-

244 4089 309 4125 nem
329 4073 440 4135 fecisse)
459 4074 487 4123 et
503 4072 533 4123 in
552 4071 619 4121 fine:
639 4061 784 4136 dulcerium
803 4067 977 4134 Δημοφῶντα
1000 4061 1227 4134 devoratoribus,
1251 4066 1278 4119 ολ
1295 4063 1343 4133 μὲν
1360 4066 1413 4136 (est

245 4160 341 4210 tertius
360 4160 470 4223 auctor)
488 4156 536 4208 τοῦ
555 4150 774 4222 συμπατηθέντος
796 4155 868 4220 (scil.
892 4153 1083 4222 Atheniensis)
1106 4156 1163 4214 τοῖς
1180 4147 1367 4222 προσήκουσιν,
1385 4150 1413 4203 οὶ

245 4241 274 4296 δὲ
289 4237 416 4312 'Apyrina
434 4239 556 4312 pacisci
575 4241 666 4312 κοινῷ.

314 4330 351 4396 ¹¹)
387 4332 427 4382 ita
444 4332 517 4381 recte
534 4327 658 4395 Philippi
675 4327 694 4378 l.
712 4326 732 4380 1.
750 4342 777 4395 p.
796 4324 830 4379 23
848 4321 906 4378 not.
925 4325 967 4398 31,

315 4416 353 4483 ⁷²)
388 4419 428 4469 sic
446 4415 544 4469 codex.
579 4414 666 4465 verba
689 4417 784 4481 aperte
808 4417 938 4480 corrupta
960 4416 1038 4480 sunt,
1068 4427 1154 4479 quare
1182 4411 1329 4463 decernere
1356 4427 1412 4464 non

245 4505 350 4572 audeo,
378 4507 472 4556 utrum
500 4516 546 4570 ea,
575 4514 647 4568 quse
674 4500 749 4566 apud
777 4498 859 4566 llarp.
887 4499 996 4566 desunt,
1023 4499 1053 4549 in
1079 4497 1132 4548 hoc
1160 4497 1349 4550 interciderint
1378 4513 1412 4550 an
