3194 5136
665 498 667 502 .
741 429 780 498 31

183 639 321 723 [ἑκάστῳ
338 643 423 704 sieut
436 639 525 722 apud
537 639 621 703 Poll.
638 644 688 703 est
701 640 795 703 addit
807 641 874 704 lex.
888 639 998 720 Cant]
1018 636 1144 704 ὁπόσον
1161 635 1351 724 ὀφείλουσιν

181 742 227 818 εἷς
241 740 279 814 τὸ
304 741 476 826 δημόσιον·
498 746 626 818 Λυσίας
641 744 678 806 ἐν
691 745 738 825 τῷ
754 746 830 828 περὶ
852 747 908 827 τῆς
922 743 1091 828 εἰσφορᾶς.
1122 762 1200 806 eum
1213 745 1351 826 reliquis

183 849 221 910 of.
246 846 349 910 schol.
372 847 456 909 Plat.
480 847 545 928 leg.
568 867 600 928 p.
614 843 687 908 '850
711 844 738 909 O
768 842 945 931 ἀπογραφή
975 844 1193 931 (διωγραφήλ)
1222 841 1351 931 ἐστινὴ

183 945 412 1034 διπαρίθμησις
427 943 447 1032 ἢ
464 944 707 1032 όιιτοσημείωσις
722 951 789 1012 τῶν
808 944 1033 1033 ὀφειλομένων
1048 949 1214 1033 slepands
1223 948 1349 1032 ἑκάστῳ

182 1054 248 1114 τῶν
263 1049 417 1130 πολιτῶν,
440 1053 496 1113 καλ
512 1047 717 1135 ἀπογραφαῖς
733 1053 977 1136 (δπιγραφεῖςῖ)
996 1051 1029 1115 οἱ
1041 1042 1350 1136 ταύτηνποιοῦυτες

181 1154 334 1230 καὶτοὺς
356 1153 399 1238 μή
422 1152 643 1236 βουλομένους
666 1153 831 1239 εἲσφέρειν
861 1153 1046 1237 εἰσάγοντες
1068 1154 1114 1230 οἷς
1141 1153 1179 1217 τό
1203 1154 1350 1240 δικαστή-

184 1279 264 1338 ριον.
315 1276 385 1320 non
414 1257 458 1320 ad
485 1258 575 1320 hunc
604 1259 835 1340 magistratum
864 1260 1032 1340 pertinere
1061 1259 1232 1342 videntur,
1263 1277 1351 1341 quae

181 1363 217 1423 in
238 1361 304 1424 lex.
328 1360 434 1422 Bekk.
461 1357 531 1442 187,
557 1359 1005 1445 1416ςιιῃίυιέπιγραφεῖςι
1030 1359 1064 1424 οἱ
1084 1361 1287 1446 γραφόμενοι
1308 1359 1352 1424 τὰ

183 1462 364 1546 τιμήματα,
387 1462 448 1526 sed
472 1463 650 1527 cuiuslibet
673 1481 796 1527 causae
825 1467 1038 1528 accusatores
1067 1464 1264 1548 significare,
1295 1465 1359 1546 qui

150 1557 152 1560 ’
184 1568 285 1630 etiam
307 1563 558 1650 ἐπιγράφεσθαι
579 1569 703 1648 τίμημα
727 1565 941 1651 dicuntur.³⁷)
986 1568 1088 1631 totius
1110 1567 1264 1631 Pollucei
1285 1567 1352 1630 loci

183 1673 300 1733 auctor
322 1670 394 1732 sine
417 1668 487 1731 ulla
510 1667 719 1732 dubitatione
742 1674 793 1732 est
816 1671 1061 1752 grammaticus.

386 1838 566 1925 κήρυκες

267 1979 381 2041 Paene
404 1979 525 2041 eadem
547 1978 648 2042 tradit
671 1979 774 2042 schol.
791 1976 1036 2042 Aeschin.120
1057 1975 1096 2042 τὸ
1120 1975 1181 2062 γὰρ
1203 1981 1270 2042 τῶν
1291 1981 1350 2063 Κη-

183 2080 289 2165 ρόκωυ
316 2086 406 2163 γένος
435 2078 588 2164 πρόσθεν
621 2067 661 2165 ἦν
690 2079 789 2164 ἱερόν.
838 2083 893 2143 καλ
922 2076 1006 2145 οὕτω
1040 2081 1191 2163 λέγονται
1219 2079 1353 2166 κήρυκος
1401 2105 1403 2110 ·

182 2180 322 2267 περὶτὰ
348 2183 512 2268 μυστήρια
541 2183 585 2247 τὰ
613 2187 679 2247 τῶν
708 2186 800 2247 θεῶν
828 2179 943 2258 όντες.
963 2230 996 2246 ..
1022 2179 1166 2258 Ἀλλως·
1197 2182 1353 2269 Κηρύκων

183 2287 272 2349 ἐστὶν
294 2286 331 2347 ἐν
347 2281 504 2370 Ἀθήναις
526 2292 599 2370 γένη
622 2291 779 2371 τέσσαρα,
802 2290 935 2371 πρῶτον
955 2287 993 2350 τὸ
1015 2290 1082 2350 τῶν
1103 2286 1290 2372 παυόγνων,
1321 2285 1357 2351 ot

183 2387 266 2452 εἰσιν
289 2382 356 2451 ἀπὸ
384 2389 530 2474 Κήρυκας
558 2391 617 2477 τοῦ
638 2385 756 2473 Ἑρμοῦ
785 2391 841 2452 καλ
868 2388 1064 2472 Πανδρόσου
1091 2392 1146 2474 τής
1174 2393 1351 2475 Κέκροπος,

185 2491 337 2573 δεύτερον
364 2487 402 2553 τὸ
430 2494 496 2553 τῶν
525 2493 601 2575 περὶ
629 2490 705 2565 τοδς
734 2488 872 2574 ἀγῶνας,
902 2496 1012 2578 τρίτου
1041 2490 1078 2556 τὸ
1100 2497 1167 2557 τῶν
1195 2495 1270 2577 περὶ
1290 2492 1352 2569 τὰς

184 2591 329 2676 πομπάς,
353 2597 511 2676 τέταρτον
533 2591 571 2656 τό
593 2595 660 2657 τῶν
682 2596 757 2677 περὶ
772 2592 831 2668 τὰς
855 2591 977 2679 ἀγορὰς
992 2598 1048 2658 καὶ
1070 2595 1112 2658 τὰ
1136 2591 1230 2659 ὤνια.
1267 2597 1352 2660 haec

185 2697 398 2762 ecommuni
421 2714 498 2758 cum
518 2696 659 2760 Polluce
688 2699 781 2766 fonte
802 2700 924 2762 hausta
953 2716 1027 2762 esse
1055 2701 1254 2782 putaverim,
1284 2716 1354 2763 non

185 2819 228 2865 ex
250 2803 324 2883 ipso
347 2798 496 2871 Polluce.
542 2817 748 2882 quamquam
777 2804 866 2866 enim
896 2803 1031 2884 saepius
1062 2806 1238 2870 auctorem
1257 2804 1352 2865 scho-

183 2905 305 2968 liorum
334 2900 458 2964 codicis
488 2920 509 2984 q
546 2901 652 2984 (apud
679 2903 850 2967 Baiterum
879 2903 1146 2987 Sauppiumque)
1177 2904 1353 2968 Pollucem

185 3007 448 3088 transscripsisse
461 3005 701 3088 animadverti,
723 3008 758 3068 in
781 3006 954 3070 codicibus
977 3008 1039 3090 fm,
1064 3008 1121 3088 qui
1142 3007 1202 3068 illa
1216 3005 1352 3090 habent,

184 3127 353 3193 nusquam
381 3108 575 3177 observavi,
623 3109 766 3172 eandem
804 3107 942 3190 Ceryeis
979 3111 1141 3192 originem
1168 3111 1354 3172 memoriae
1453 3197 1455 3201 ι

185 3211 332 3295 prodidit
359 3211 524 3275 Androtio
553 3213 588 3274 in
616 3213 683 3274 lex.
713 3210 808 3275 Cant.
839 3210 997 3297 Κήρυκας
1031 3201 1075 3286 ὥς
1100 3207 1290 3295 Ἀνδροτίων
1318 3214 1354 3275 ἐν

185 3314 298 3401 πρώτη
315 3310 473 3389 Ἀτθίδος,
496 3318 665 3398 Κέκροπος
680 3317 837 3396 γενέσθαι
851 3321 938 3398 τρεῖς
953 3316 1150 3397 θυγατέρας,
1164 3308 1353 3400 Ἀγραυλον,

178 3413 298 3503 Ἕρσην
325 3418 381 3479 καλ
410 3413 616 3499 Πάνδροσον,
646 3413 704 3500 ἀφ’
733 3406 770 3500 ἧς
798 3417 923 3499 ἐγένετο
951 3419 1059 3500 Κήρυξ
1080 3413 1179 3503 Ἐρμῇ
1208 3435 1352 3500 συγγευο·

185 3528 292 3606 μένης,
316 3538 462 3602 quocum
486 3522 652 3584 consentit
673 3520 890 3584 Ptolemaeus
914 3521 1161 3599 (Ascalonitai)
1190 3522 1225 3584 in
1249 3521 1352 3584 schol.

184 3627 221 3689 u.
240 3609 274 3686 'a
297 3621 370 3704 334,
395 3639 471 3684 eum
492 3621 609 3686 Andro
638 3625 674 3684 ω
702 3623 805 3687 senor.
830 3622 931 3705 soph.
956 3619 1039 3687 osu.
1065 3620 1136 3686 ool.
1163 3621 1246 3685 1046
1276 3642 1353 3687 eum

184 3727 343 3809 Eumolpi
376 3724 478 3786 filium
513 3724 612 3807 dicat,
643 3726 696 3788 alii
733 3729 779 3805 (v,
808 3726 953 3788 Pausan.
988 3724 1014 3805 Ι,
1049 3721 1100 3807 38,
1134 3721 1169 3814 3]
1198 3723 1354 3788 Mercurii

186 3829 334 3914 quidem,
357 3830 590 3891 verumtamen
618 3845 688 3890 non
716 3824 885 3892 Pandrosi'
910 3827 971 3891 sed
993 3817 1153 3909 Aglaum
1187 3825 1289 3909 Harp.
1320 3834 1354 3891 et

257 4121 294 4188 ³⁷)
330 4119 384 4173 huc
407 4119 499 4172 refero
529 4120 613 4172 etiarn
640 4121 764 4189 priorem
792 4122 899 4188 partem
928 4117 1039 4186 glossae
1062 4117 1119 4170 lex.
1141 4116 1230 4170 Bekk.
1254 4117 1314 4188 254,
1337 4118 1353 4172 3

185 4203 353 4276 ἕταγραφεῖςε
373 4200 440 4275 ἀργή
458 4205 498 4268 τίς
515 4201 586 4257 ἐστιν
602 4198 620 4272 ἡ
638 4205 692 4258 τιόυ
709 4201 887 4272 ἐσιγραφέων,
904 4195 922 4272 ἥ
939 4221 979 4265 τις
996 4199 1025 4256 ἐν
1035 4207 1097 4264 ταῖς
1113 4199 1202 4264 δίκαις
1219 4199 1354 4274 ἐνέγραφε

184 4289 218 4346 τὰ
237 4289 354 4360 ἐπιτίμια
371 4295 428 4355 τοῖς
446 4285 635 4358 ἁλισκομένοις.
670 4283 863 4359 ἢέτιιγροιφεῖς
886 4289 913 4342 ol
937 4283 1070 4362 ὁρίζοντες
1091 4285 1139 4340 καλ
1161 4281 1354 4357 ἐπιγράφοντες

185 4375 233 4441 τὰς
251 4374 383 4449 εἰσφορὰς
400 4373 509 4448 ἑκάστῳ.
529 4393 603 4446 ,σου
622 4380 788 4448 magistratu
806 4377 874 4445 qnid
887 4378 990 4435 feceret
1006 4377 1137 4446 ignorare
1156 4390 1186 4426 se
1205 4377 1352 4431 confiteba-

184 4471 231 4518 tur
247 4465 422 4520 Schoemann
445 4465 502 4518 An.
525 4465 603 4518 Proc.
627 4481 654 4534 p.
673 4461 724 4518 743
747 4469 805 4518 not
831 4464 873 4517 19.
908 4466 965 4516 iam
987 4477 1072 4531 supra
1095 4463 1203 4531 egimus
1228 4463 1262 4516 de
1281 4467 1352 4518 eius·

185 4552 264 4606 modi
281 4555 444 4619 magistratu
463 4568 480 4605 e
499 4553 685 4622 grammaticis
705 4553 781 4604 ficto:
802 4551 836 4604 de
854 4549 1047 4616 εἰσαγαγοῦσαν.
