3180 5136
780 373 922 456 το4

426 602 665 676 πρυτανεία.

304 717 401 786 Haec
424 749 493 794 non
518 751 560 796 ex
576 735 757 802 Aristotele
780 741 821 802 eb
838 739 938 822 Herp.
956 743 1057 804 citato
1073 743 1178 823 petita
1201 760 1276 803 esse
1291 759 1380 823 posse

221 832 332 898 neque
357 834 497 898 Omnino
515 854 534 900 e
549 841 710 921 scriptore
733 847 811 905 ente
827 861 953 906 annum
975 841 1038 906 307
1055 865 1084 906 e.
1102 841 1177 907 Chr.
1200 864 1233 906 n.
1251 844 1381 907 florente

219 923 315 1040 [luisti.
336 944 356 988 θ
381 932 562 1005 duodecim
585 945 762 1025 phylomm
784 949 965 1010 mentione.
997 953 1099 1030 etque
1122 947 1165 1010 de
1188 948 1239 1011 his
1261 948 1385 1010 Polluci

219 1023 341 1090 nmilia
370 1043 550 1109 manifesto
584 1047 719 1128 quidem
746 1049 858 1112 nullus
894 1049 980 1113 alius
1009 1051 1246 1133 grammaticus
1280 1054 1384 1133 refert,

220 1127 334 1240 temen
369 1137 438 1205 huc
471 1151 638 1229 pertinere
672 1151 877 1215 censendum
907 1157 967 1235 est,
1002 1153 1093 1236 quod
1126 1155 1161 1215 in
1189 1151 1256 1216 lex.
1285 1153 1385 1216 Bekk.

220 1223 293 1346 loe,
317 1232 359 1298 23
385 1238 591 1331 άντωμοσίαῑ
697 1253 877 1336 πρυτάνεια
901 1258 980 1335 (sie)
1005 1255 1049 1332 ts,
1073 1253 1091 1318 ‘d
1113 1259 1158 1337 τῷ
1174 1259 1278 1340 ταμίᾳ
1294 1279 1386 1318 κατα-

219 1330 337 1457 βαόῆὸι
361 1343 509 1428 ἕκαστος,
533 1351 621 1430 ὅπως
644 1355 785 1442 εἰσαχθῇ
813 1353 831 1442 ῆ
856 1356 936 1440 δίκη.
956 1368 960 1376 ’
979 1357 1107 1440 λέγεται
1138 1357 1172 1420 δὲ
1200 1360 1255 1420 καί
1277 1357 1389 1438 χρόνος

220 1453 268 1552 Τίς
296 1444 467 1534 Ᾱθήνησιν
490 1454 532 1534 ὥς
555 1453 597 1521 άν
619 1453 636 1519 ὃ
659 1467 817 1542 μηνιαΐος,
846 1457 883 1523 ὃν
911 1459 1135 1544 ε’πρυτάνευον
1163 1460 1201 1523 αί
1228 1461 1333 1544 φυλαί
1358 1467 1390 1524 ct

220 1556 255 1598 1¹¹
277 1539 411 1618 Timaei
433 1559 500 1624 lex.
523 1562 607 1624 Plal.
638 1563 833 1644 πρυτανείας
864 1568 1001 1646 μηνιαία
1030 1562 1134 1648 φυλῆς
1156 1560 1239 1647 άρχῆ
1262 1564 1390 1646 legitur,

224 1657 300 1708 cum
325 1655 429 1721 etiam
453 1665 689 1746 grammaticos
713 1665 836 1729 diserte
856 1667 945 1729 inter
965 1685 1118 1730 mensem
1147 1672 1181 1729 et
1202 1668 1392 1749 prytaniam

223 1745 404 1824 discrimen
434 1771 582 1830 statuere
610 1767 784 1830 videamus
821 1770 876 1848 (cf.
907 1770 1010 1833 schol.
1040 1769 1196 1833 Aeschin.
1225 1769 1242 1832 I
1272 1767 1333 1831 104
1361 1773 1393 1832 et

221 1851 381 1926 Ammon.
413 1875 609 1949 πρυτανείας
737 1875 918 1952 πρυτανεία
955 1870 990 1933 δὲ
1027 1871 1178 1954 θηλυκῶς
1211 1866 1228 1934 ὃ
1268 1870 1392 1952 χρόνιος.

223 1954 356 2043 διῄρητο
381 1968 441 2054 γάρ
465 1973 558 2053 παρά
575 1969 764 2055 Ἀθηναίοις
791 1967 808 2036 ό
833 1971 982 2048 ἐνιαυτὸς
1011 1972 1056 2045 εἰς
1080 1973 1157 2036 δέκα
1185 1977 1393 2055 πρυτανείας,

224 2054 300 2125 ὅσαι
316 2072 373 2133 καὶ
389 2067 602 2159 φυλαὶ-ἦσαν,
619 2078 673 2138 καί
686 2075 906 2157 ἐπρυτάνευευ
921 2074 1040 2160 ἑκάστη
1057 2075 1141 2161 φυλὴ
1159 2083 1228 2139 κατ’
1244 2075 1395 2140 ἐνιαυτὸν

225 2157 322 2243 ἅπαξ·
349 2167 433 2241 ὅθεν
457 2177 609 2253 καὶτοὺς
630 2162 772 2260 μισθοὺς
794 2180 850 2241 καί
871 2175 914 2242 τά
937 2181 1061 2242 ἕνοίκια
1084 2177 1169 2242 κατά
1191 2177 1251 2253 τάς
1272 2202 1394 2260 πρυτα·

225 2273 314 2346 νδίας
349 2275 413 2360 [oo]
448 2281 533 2344 κατά
567 2286 655 2364 μῆνα
688 2280 861 2367 ἐτέλουν),
895 2282 951 2346 ubi
988 2281 1031 2345 de
1064 2281 1182 2344 decem
1215 2283 1397 2364 phylarum

227 2379 381 2458 tempore
402 2384 596 2466 loquuntur.
641 2385 702 2447 sed
725 2389 898 2447 auctorem
920 2387 1096 2448 nominmc
1117 2401 1263 2466 nequeo.
1380 2441 1382 2446 ,

757 2595 772 2668 ς
798 2587 857 2652 ne

430 2751 648 2812 πυρφθρθς·
1014 2808 1016 2812 .

314 2863 412 2930 Hunc
441 2870 584 2932 fortasse
611 2868 775 2950 intellegit
802 2867 943 2930 Photius
971 2863 1157 2948 πυρφόροςε
1187 2867 1252 2946 πῦρ
1278 2869 1399 2946 φέρων.

228 2987 307 3030 nem
338 2988 425 3051 quoe
452 2975 653 3052 sequuntur:
684 2967 874 3052 πυρφόρους
903 2969 938 3031 tl
966 2967 1078 3050 ἔλεγον
1100 2966 1176 3041 τοὺς
1205 2965 1301 3047 ίυρεῖς
1322 2964 1400 3040 τοὺς

230 3071 410 3151 ἐπιβώμιον
433 3076 498 3153 πῦρ
528 3069 746 3146 ἀνάπτοντας,
777 3089 981 3154 quamquam
1008 3071 1178 3136 Polluceis
1207 3087 1275 3133 non
1306 3069 1400 3134 dissi·

229 3174 324 3237 milis
345 3183 432 3258 sunt,
456 3181 569 3238 tamen
593 3176 678 3237 sicut
700 3175 831 3256 relique
853 3176 987 3256 glossae
1014 3193 1093 3256 pers
1116 3173 1160 3236 ad
1182 3173 1400 3256 proverbium

230 3271 305 3339 οὐδὲ
353 3277 523 3360 πυρφόρος
568 3275 710 3359 ἐλείφθη
757 3277 997 3341 declarandum
1037 3277 1197 3340 videntur
1235 3281 1399 3356 spectare.

232 3380 353 3444 endem
375 3381 433 3444 sed
457 3380 564 3443 multo
588 3380 745 3442 breviore
770 3380 874 3442 hebet
901 3381 1047 3461 Hesych.
1077 3376 1262 3460 πυρφόροςε
1293 3372 1310 3438 ὁ
1335 3379 1399 3458 πίιρ

232 3492 353 3565 φέρων.
397 3485 464 3545 καί
487 3478 504 3545 ό
527 3480 628 3562 μόνος
652 3481 830 3556 διασωθεὶς
853 3483 889 3543 ἐν
911 3481 1061 3562 πολέμῳ,
1084 3481 1144 3544 ubi
1166 3480 1261 3544 vides
1285 3484 1403 3562 operte

231 3586 383 3650 diverses
402 3604 457 3650 res
470 3581 647 3666 coniungi.

435 3755 653 3840 σύγκλητος
675 3755 880 3838 ἐκκλησία.

317 3898 428 3962 Schol.
453 3894 610 3958 Aeschin.
640 3889 735 3956 1172
759 3891 931 3973 σύγκλητος
960 3890 1114 3974 ἐκκλησία
1142 3889 1292 3953 ἐκαλεῖτο
1314 3885 1333 3971 ῆ
1357 3888 1400 3972 μῆ

230 4003 315 4066 κατά
345 4000 403 4064 τὸν
431 3997 535 4079 νόμον
567 3996 647 4080 μηδὲ
675 3995 761 4058 κατὰ
788 3995 826 4058 τό
857 3993 938 4070 ἔθος
968 4000 1132 4076 γενομένη,
1164 3988 1251 4058 ἀλλὰ
1280 3995 1315 4054 ἐκ
1343 3995 1402 4055 τοῦ
1451 4074 1458 4083 Ι

231 4105 434 4188 παραχρῆμα
461 4100 626 4164 καὶκατὰ
652 4102 764 4178 χρείαν
785 4098 872 4169 τινά,
902 4090 973 4160 οἷον
995 4093 1078 4160 εἴτι
1106 4098 1260 4179 ἐξαίφνης
1282 4117 1401 4156 κατεπ-

233 4213 359 4286 είξυιεν·
385 4205 421 4269 αἱ
441 4205 476 4268 δὲ
496 4202 582 4280 κατὰ
605 4205 692 4282 μῆνα
714 4197 891 4282 ὡρισμέναι
913 4196 1133 4280 ὀνομάζονται
1155 4197 1275 4279 κύριαι,
1296 4198 1401 4280 paulo

234 4313 369 4377 brevior
390 4309 492 4390 Hesp.
517 4325 541 4368 s.
565 4327 596 4367 v.
619 4305 857 4368 Demosthenis
888 4301 1164 4385 Ctesiphontcem
1186 4300 1339 4382 laudens,
1370 4305 1404 4362 et

233 4418 281 4480 sic
305 4417 374 4477 fere
399 4413 499 4475 etiem
527 4408 657 4489 reliqui.
702 4407 924 4491 κατακλησίαν
950 4410 1085 4488 praeter
1111 4403 1287 4468 Pollucem
1315 4423 1403 4467 unus

232 4517 381 4600 Hesych.
395 4514 556 4596 explicat:
574 4505 790 4592 κατακλησία;
804 4505 885 4572 ὅταν
896 4506 1008 4590 μεῖζόν
1021 4507 1111 4587 (cod.
1126 4501 1219 4570 ὁτῶν
1230 4506 1403 4588 μειζόνων)
