3180 5136
827 397 868 462 96

772 491 923 500 ..φ-...ι-

267 610 468 691 Diogeniani
493 608 628 671 lexicon
656 624 851 688 usurpasse,
884 587 1090 686 Hesychium
1117 605 1182 669 hoc
1210 625 1319 688 paene
1345 609 1428 671 1111-

269 733 363 796 grum
386 728 547 774 servasse.
577 712 691 791 itaque
713 711 742 772 si
756 711 958 790 Dionysium
972 709 1246 792 Hesychiumque
1267 712 1302 773 11
1325 729 1429 772 unum

268 817 510 896 coniungimus,
543 813 706 876 habemus
735 814 804 876 lare
831 811 1033 894 Diogeniaui
1060 814 1217 895 glossam,
1247 831 1335 896 quae
1362 814 1428 876 iam

267 936 377 1000 paene
399 919 512 981 omnia
534 935 555 979 a
575 917 715 979 Polluce
744 919 930 978 memorata
952 917 1110 978 continet.
1155 917 1183 978 si
1205 934 1272 997 qua
1296 914 1429 998 desunt,

267 1022 457 1084 memineris
472 1020 574 1082 velim
589 1038 610 1082 a
623 1019 763 1082 Polluce
777 1036 847 1082 non
862 1019 1120 1100 Diogenianum,
1143 1019 1203 1082 sed
1217 1019 1428 1100 Pamphilum

268 1124 338 1202 [vel
360 1124 550 1201 Vestinum)
574 1126 770 1204 excerptum
793 1139 877 1203 esse,
901 1140 1003 1204 quem
1026 1123 1247 1204 epitomatore
1269 1123 1427 1186 111111116-

266 1227 389 1290 rioram
412 1227 513 1289 fuisse
535 1243 675 1288 necesse
694 1230 753 1288 est.
783 1227 1015 1306 praeteream
1036 1226 1102 1288 hoc
1125 1226 1281 1307 exemplo
1303 1225 1339 1288 id
1361 1242 1428 1287 non

268 1335 319 1392 est
346 1328 603 1411 neglegendum,
637 1328 728 1410 quod
764 1330 865 1391 etiam
895 1328 1085 1408 Hesychius
1118 1327 1286 1410 quaedam
1318 1327 1430 1408 habet,

268 1450 356 1513 quaa
368 1430 457 1513 apud
468 1432 642 1495 Pollucem
659 1430 788 1493 desunt.
813 1431 893 1493 talia
907 1429 1052 1515 (nonita
1066 1431 1178 1494 multis
1195 1429 1332 1512 quidem
1346 1431 1429 1492 locis

267 1535 333 1596 hoc
363 1534 398 1595 in
429 1534 540 1614 priore
574 1534 682 1615 capite
714 1532 894 1596 observare
924 1535 1132 1614 poteramus)
1171 1533 1269 1596 nobis
1305 1532 1430 1596 indicio

269 1654 342 1700 esse
366 1635 491 1698 dehent
511 1637 622 1717 ipsum
645 1653 780 1718 quoque
795 1636 969 1698 Pollucem
990 1653 1060 1698 non
1077 1636 1187 1698 solum
1205 1636 1430 1717 descripsisse,

268 1739 328 1802 sed
351 1740 452 1802 etiam
475 1739 691 1819 excerpsisse.
736 1740 856 1800 111111
879 1756 917 1800 se
938 1738 1040 1800 habet
1061 1739 1096 1800 in
1117 1739 1201 1801 Poll.
1221 1743 1236 1816 5
1258 1735 1318 1800 142
1342 1739 1431 1800 1111

267 1841 412 1921 Hesych.
426 1841 468 1923 gl.
481 1848 566 1922 τρεῖς
582 1842 668 1923 θεοί,
684 1841 742 1903 ubi
758 1842 843 1903 alter
858 1842 999 1904 alterum
1015 1841 1157 1923 supplet.
1180 1859 1260 1904 nam
1274 1842 1313 1923 is,
1330 1858 1430 1923 quem

267 1943 462 2026 Pamphilus
481 1945 664 2026 exscripsit,
681 1945 737 2007 vel
757 1945 830 2026 ipse
844 1944 1038 2025 Pamphilus
1061 1945 1134 2007 sine
1156 1944 1258 2008 dubio
1283 1945 1431 2026 complu·

268 2048 353 2109 rium
387 2047 450 2108 heo
485 2045 528 2108 de
561 2064 599 2108 re
634 2047 810 2127 opiniones
850 2047 1047 2128 collegerat,
1085 2047 1178 2110 cuius
1211 2047 1260 2109 rei
1291 2047 1432 2128 vestigia

269 2166 446 2230 superesse
468 2147 624 2211 videntur
644 2150 680 2212 in
700 2148 861 2229 Hesychii
882 2149 1050 2213 vocabulo
1074 2147 1164 2212 ἔνιοι.

345 2261 400 2324 Ad
412 2261 512 2322 aliam
526 2262 758 2343 quaestionem
769 2279 831 2324 nos
844 2260 987 2324 traducit
996 2261 1143 2342 Hesych.
1153 2262 1249 2323 ἐννέα
1261 2255 1429 2342 ἄρχοντεςε

269 2361 350 2447 ἀρχὴ
374 2361 428 2426 διὰ
451 2365 546 2426 ἐννέα
571 2360 748 2444 ἀρχόντων.
786 2365 848 2427 etsi
869 2365 1057 2445 Hesychius
1079 2365 1127 2426 ita
1148 2364 1281 2426 videtur
1301 2363 1429 2426 intelle-

269 2467 397 2550 gendus
414 2484 497 2548 esse,
520 2470 558 2529 ut
571 2467 677 2530 verba
692 2469 787 2528 ἐννέα
803 2463 956 2548 ἄρχοντες
970 2469 1080 2549 ipsum
1095 2485 1217 2530 munus
1233 2466 1275 2529 ab
1293 2467 1429 2529 archon-

269 2572 356 2633 tibus
369 2574 499 2651 gestum
512 2570 699 2650 significent
712 2570 777 2650 vel,
796 2575 832 2632 ut
844 2569 988 2633 barbaro
1000 2570 1167 2632 vocabulo
1186 2573 1270 2650 utar,
1291 2569 1427 2632 archon-

268 2678 383 2754 tatum,
406 2677 520 2748 tamen
543 2673 623 2754 quin
645 2673 729 2735 haec
753 2674 965 2753 epitomatori
988 2672 1175 2736 debeantur
1190 2673 1316 2735 fontem
1333 2690 1429 2734 suum

268 2777 347 2840 11111
369 2775 497 2837 fortiter
518 2776 683 2837 resecanti
706 2778 740 2836 st
762 2775 844 2855 quin
866 2776 926 2838 has
948 2775 1106 2856 reliquias
1130 2775 1308 2857 descriptio
1327 2775 1430 2856 ipsius

267 2879 414 2941 muneris
442 2881 559 2939 secuta
586 2878 643 2957 sit,
677 2877 736 2938 vix
763 2881 875 2959 potest
904 2877 1042 2940 dubium
1071 2895 1154 2940 esse.
1199 2882 1234 2940 61
1262 2877 1428 2940 simillimo

269 2981 407 3044 exordio
431 2981 534 3043 utitur
554 2980 676 3070 Pollux
698 2985 714 3056 §
736 2976 779 3042 88
801 2979 984 3043 subtilitate
1006 2985 1119 3043 tamen
1141 2981 1200 3042 illa
1220 2980 1375 3062 neglecta
1398 2985 1430 3042 61

269 3084 392 3165 excipit
423 3081 507 3145 illud
540 3080 717 3145 exordium
757 3083 894 3164 copiosa
927 3082 970 3145 de
1003 3082 1218 3146 archontibus
1253 3085 1428 3165 expositio,

269 3206 370 3269 quem
392 3202 460 3248 uno
483 3190 601 3248 tenore
625 3203 668 3247 ex
682 3185 863 3248 Aristotele
886 3189 1053 3266 sumptam
1077 3203 1151 3248 1111
1172 3187 1208 3248 in
1231 3203 1303 3267 cap.
1319 3186 1429 3248 111111-

268 3309 352 3353 mus.
397 3287 458 3351 sed
479 3292 612 3368 praeter
633 3288 726 3350 illam
748 3288 894 3370 glossam
917 3289 984 3350 suis
1006 3287 1090 3350 locis
1113 3287 1203 3369 apud
1224 3287 1430 3368 Hesychium

268 3393 454 3475 peculiares
484 3391 612 3473 glossas
639 3392 839 3472 reperimus:
874 3392 1086 3470 θεσμοθέται
1113 3391 1201 3453 iusto
1230 3391 1430 3473 breviorem,

268 3494 473 3575 πολέμαρχος
501 3494 729 3557 brevissimam
754 3499 787 3556 et
806 3513 878 3557 rem
903 3511 946 3557 ex
968 3494 1174 3576 etymologia
1195 3494 1428 3576 explicantem,

267 3596 432 3679 βασιλεύςτ
456 3592 565 3678 ἄρχων
586 3619 634 3671 τις
644 3593 830 3681 Ἀθήνησιν,
851 3600 1037 3679 μυστηρίων
1052 3599 1212 3676 προνοῶν,
1236 3614 1337 3677 quam
1353 3615 1429 3658 cum

267 3701 406 3764 Polluce
430 3701 590 3763 conferas.
634 3699 810 3782 probabile
833 3704 883 3762 est
906 3705 964 3762 aut
986 3699 1069 3762 tales
1092 3699 1278 3781 peculiares
1301 3699 1428 3782 glossas

269 3822 288 3867 1
303 3803 495 3884 maioribus,
519 3820 607 3884 quae
622 3803 702 3865 olim
717 3804 850 3866 fucrant
865 3803 944 3881 (hac
958 3803 993 3864 11
1008 3821 1045 3865 11
1060 3803 1156 3865 ἐννέα
1172 3797 1350 3887 ἄρχοντες),
1373 3821 1427 3864 ex-

269 3910 400 3988 cerptas
428 3921 502 3967 1111
525 3908 582 3966 111
603 3905 671 3966 iam
692 3906 802 3986 ipsum
828 3905 929 3967 lexici
960 3904 1168 3968 conditorem
1195 3907 1328 3987 praeter
1354 3904 1427 3967 illas

268 4011 412 4072 maiores
428 4006 565 4089 glossas,
583 4025 628 4070 11
643 4008 717 4089 quis
732 4009 852 4070 frustra
868 4006 1126 4088 explicationem
1142 4007 1312 4090 quandam
1328 4023 1427 4089 quae-

267 4117 366 4193 reret,
387 4112 422 4172 11
444 4111 513 4173 suis
535 4110 652 4172 litteris
674 4111 825 4192 proprias
848 4109 1055 4193 singulorum
1077 4111 1249 4172 nominum
1265 4111 1427 4191 posuisse.

268 4217 472 4295 ubicumque
487 4215 577 4296 prius
592 4215 717 4276 factum
734 4219 793 4296 est,
816 4231 877 4295 per
894 4231 930 4276 se
947 4217 1040 4295 patet
1053 4213 1088 4275 11
1103 4213 1327 4294 peculiaribus
1343 4213 1427 4295 glos-

269 4320 312 4382 sis
336 4315 455 4380 eadem
476 4316 563 4379 tradi
585 4315 725 4398 debere,
749 4333 836 4397 quae
858 4316 893 4377 in
915 4314 1097 4378 maioribus
1119 4315 1325 4397 legebantur.
1371 4315 1429 4377 ubi

268 4421 433 4503 posterius
456 4417 585 4500 accidit,
609 4419 728 4482 saltem
749 4418 1025 4481 verisimillimum
1041 4423 1091 4480 111
1105 4418 1205 4480 lexici
1221 4417 1429 4482 conditorem

270 4525 358 4586 1111
379 4521 560 4585 maioribus
587 4523 683 4585 1111
711 4520 894 4584 minoribus
922 4519 1040 4602 glossis
1069 4520 1208 4584 eosdem
1234 4521 1343 4584 fontes
1373 4537 1428 4582 cx·
