<?xml version="1.0" encoding="UTF-8"?>
<!DOCTYPE html PUBLIC "-//W3C//DTD XHTML 1.0 Transitional//EN"
    "http://www.w3.org/TR/xhtml1/DTD/xhtml1-transitional.dtd">
<html xmlns="http://www.w3.org/1999/xhtml" xml:lang="en" lang="en">
 <head>
  <title>
</title>
<meta http-equiv="Content-Type" content="text/html;charset=utf-8" />
  <meta name='ocr-system' content='tesseract 3.04.00' />
  <meta name='ocr-capabilities' content='ocr_page ocr_carea ocr_par ocr_line ocrx_word'/>
</head>
<body>
  <div class='ocr_page' id='page_1' title='image "./deiuliipollucis00stojgoog_0111.png"; bbox 0 0 3180 5136; ppageno 0'>
   <div class='ocr_carea' id='block_1_1' title="bbox 703 417 854 518">
    <p class='ocr_par' dir='ltr' id='par_1_1' title="bbox 703 417 854 518">
     <span class='ocr_line' id='line_1_1' title="bbox 703 417 854 518; baseline 0 -36"><span class='ocrx_word' id='word_1_1' title='bbox 703 417 854 518; x_wconf 44' lang='lat' dir='ltr'>„lt-2—</span> 
     </span>
    </p>
   </div>
   <div class='ocr_carea' id='block_1_2' title="bbox 136 625 1417 2768">
    <p class='ocr_par' dir='ltr' id='par_1_2' title="bbox 136 625 1417 2768">
     <span class='ocr_line' id='line_1_2' title="bbox 194 625 1360 709; baseline -0.001 -21"><span class='ocrx_word' id='word_1_2' title='bbox 194 625 361 689; x_wconf 88' lang='lat' dir='ltr'>intercidit</span> <span class='ocrx_word' id='word_1_3' title='bbox 394 631 461 708; x_wconf 91' lang='lat' dir='ltr'>aut,</span> <span class='ocrx_word' id='word_1_4' title='bbox 494 626 529 687; x_wconf 92' lang='lat' dir='ltr'>id</span> <span class='ocrx_word' id='word_1_5' title='bbox 558 625 649 707; x_wconf 90' lang='lat' dir='ltr'>quod</span> <span class='ocrx_word' id='word_1_6' title='bbox 677 627 757 689; x_wconf 92' lang='lat' dir='ltr'>mihi</span> <span class='ocrx_word' id='word_1_7' title='bbox 785 626 992 709; x_wconf 79' lang='lat' dir='ltr'>probabilius</span> <span class='ocrx_word' id='word_1_8' title='bbox 1020 626 1161 707; x_wconf 88' lang='lat' dir='ltr'>videtur,</span> <span class='ocrx_word' id='word_1_9' title='bbox 1195 625 1360 708; x_wconf 77' lang='lat' dir='ltr'>Pamphili</span> 
     </span>
     <span class='ocr_line' id='line_1_3' title="bbox 195 729 1360 811; baseline -0.001 -20"><span class='ocrx_word' id='word_1_10' title='bbox 195 730 290 794; x_wconf 92' lang='lat' dir='ltr'>locus</span> <span class='ocrx_word' id='word_1_11' title='bbox 314 748 332 791; x_wconf 92' lang='lat' dir='ltr'>e</span> <span class='ocrx_word' id='word_1_12' title='bbox 354 730 569 810; x_wconf 87' lang='lat' dir='ltr'>Hesychiano</span> <span class='ocrx_word' id='word_1_13' title='bbox 591 729 702 792; x_wconf 78' lang='lat' dir='ltr'>lexico</span> <span class='ocrx_word' id='word_1_14' title='bbox 726 748 861 811; x_wconf 89' lang='lat' dir='ltr'>prorsus</span> <span class='ocrx_word' id='word_1_15' title='bbox 885 729 1036 792; x_wconf 90' lang='lat' dir='ltr'>sublatus</span> <span class='ocrx_word' id='word_1_16' title='bbox 1060 733 1110 792; x_wconf 92' lang='lat' dir='ltr'>est</span> <span class='ocrx_word' id='word_1_17' title='bbox 1140 730 1238 811; x_wconf 90' lang='lat' dir='ltr'>eique</span> <span class='ocrx_word' id='word_1_18' title='bbox 1269 746 1360 792; x_wconf 88' lang='lat' dir='ltr'>nova</span> 
     </span>
     <span class='ocr_line' id='line_1_4' title="bbox 195 832 1360 915; baseline -0.001 -21"><span class='ocrx_word' id='word_1_19' title='bbox 195 833 317 915; x_wconf 79' lang='lat' dir='ltr'>glossa,</span> <span class='ocrx_word' id='word_1_20' title='bbox 348 851 448 915; x_wconf 88' lang='lat' dir='ltr'>quam</span> <span class='ocrx_word' id='word_1_21' title='bbox 471 851 561 894; x_wconf 89' lang='lat' dir='ltr'>nunc</span> <span class='ocrx_word' id='word_1_22' title='bbox 584 833 735 915; x_wconf 86' lang='lat' dir='ltr'>legimus,</span> <span class='ocrx_word' id='word_1_23' title='bbox 765 833 933 895; x_wconf 88' lang='lat' dir='ltr'>successit.</span> <span class='ocrx_word' id='word_1_24' title='bbox 980 833 1103 895; x_wconf 80' lang='lat' dir='ltr'>etenim</span> <span class='ocrx_word' id='word_1_25' title='bbox 1133 833 1161 894; x_wconf 92' lang='lat' dir='ltr'>si</span> <span class='ocrx_word' id='word_1_26' title='bbox 1191 850 1267 895; x_wconf 91' lang='lat' dir='ltr'>cum</span> <span class='ocrx_word' id='word_1_27' title='bbox 1296 832 1360 894; x_wconf 91' lang='lat' dir='ltr'>hac</span> 
     </span>
     <span class='ocr_line' id='line_1_5' title="bbox 197 927 1417 1018; baseline -0.002 -20"><span class='ocrx_word' id='word_1_28' title='bbox 197 954 429 1018; x_wconf 86' lang='lat' dir='ltr'>comparamus</span> <span class='ocrx_word' id='word_1_29' title='bbox 451 936 596 1017; x_wconf 84' lang='lat' dir='ltr'>Hesyeh.</span> <span class='ocrx_word' id='word_1_30' title='bbox 620 933 799 1018; x_wconf 76' lang='grc' dir='ltr'><strong><em>ἐπιμήνιοιῑ</em></strong></span> <span class='ocrx_word' id='word_1_31' title='bbox 824 932 858 996; x_wconf 77' lang='grc' dir='ltr'>οἱ</span> <span class='ocrx_word' id='word_1_32' title='bbox 879 933 1047 1016; x_wconf 80' lang='grc' dir='ltr'><strong><em>ἱεροποιοί.</em></strong></span> <span class='ocrx_word' id='word_1_33' title='bbox 1078 931 1284 997; x_wconf 80' lang='grc' dir='ltr'><strong><em>ἐκαλεῖτοδὲ</em></strong></span> <span class='ocrx_word' id='word_1_34' title='bbox 1305 936 1362 996; x_wconf 73' lang='grc' dir='ltr'>καὶ</span> <span class='ocrx_word' id='word_1_35' title='bbox 1415 927 1417 931; x_wconf 56' lang='grc'><strong>’</strong></span> 
     </span>
     <span class='ocr_line' id='line_1_6' title="bbox 195 1025 1359 1122; baseline -0.001 -21"><span class='ocrx_word' id='word_1_36' title='bbox 195 1065 223 1101; x_wconf 91' lang='grc' dir='ltr'>κ.</span> <span class='ocrx_word' id='word_1_37' title='bbox 247 1025 280 1101; x_wconf 84' lang='grc' dir='ltr'>τ.</span> <span class='ocrx_word' id='word_1_38' title='bbox 297 1037 336 1122; x_wconf 83' lang='grc' dir='ltr'>λ,</span> <span class='ocrx_word' id='word_1_39' title='bbox 359 1041 471 1102; x_wconf 91' lang='lat' dir='ltr'>statim</span> <span class='ocrx_word' id='word_1_40' title='bbox 494 1040 638 1120; x_wconf 88' lang='lat' dir='ltr'>suspicio</span> <span class='ocrx_word' id='word_1_41' title='bbox 663 1038 822 1120; x_wconf 81' lang='lat' dir='ltr'>oboritur,</span> <span class='ocrx_word' id='word_1_42' title='bbox 850 1039 929 1101; x_wconf 92' lang='lat' dir='ltr'>hinc</span> <span class='ocrx_word' id='word_1_43' title='bbox 951 1056 1037 1120; x_wconf 90' lang='lat' dir='ltr'>eam,</span> <span class='ocrx_word' id='word_1_44' title='bbox 1067 1037 1110 1100; x_wconf 91' lang='lat' dir='ltr'>de</span> <span class='ocrx_word' id='word_1_45' title='bbox 1131 1057 1198 1120; x_wconf 88' lang='lat' dir='ltr'>qua</span> <span class='ocrx_word' id='word_1_46' title='bbox 1220 1039 1359 1121; x_wconf 89' lang='lat' dir='ltr'>agimus,</span> 
     </span>
     <span class='ocr_line' id='line_1_7' title="bbox 196 1140 1359 1226; baseline -0.002 -20"><span class='ocrx_word' id='word_1_47' title='bbox 196 1144 341 1226; x_wconf 81' lang='lat' dir='ltr'>glossam</span> <span class='ocrx_word' id='word_1_48' title='bbox 365 1142 508 1206; x_wconf 76' lang='lat' dir='ltr'>fluxisse.</span> <span class='ocrx_word' id='word_1_49' title='bbox 555 1145 645 1204; x_wconf 89' lang='lat' dir='ltr'>certe</span> <span class='ocrx_word' id='word_1_50' title='bbox 667 1160 769 1223; x_wconf 87' lang='lat' dir='ltr'>saepe</span> <span class='ocrx_word' id='word_1_51' title='bbox 792 1140 882 1222; x_wconf 92' lang='lat' dir='ltr'>apud</span> <span class='ocrx_word' id='word_1_52' title='bbox 904 1142 1111 1221; x_wconf 87' lang='lat' dir='ltr'>Hesychium</span> <span class='ocrx_word' id='word_1_53' title='bbox 1133 1141 1280 1223; x_wconf 82' lang='lat' dir='ltr'>glossam</span> <span class='ocrx_word' id='word_1_54' title='bbox 1303 1142 1359 1204; x_wconf 91' lang='lat' dir='ltr'>ali-</span> 
     </span>
     <span class='ocr_line' id='line_1_8' title="bbox 197 1243 1361 1328; baseline -0.003 -20"><span class='ocrx_word' id='word_1_55' title='bbox 197 1265 296 1328; x_wconf 91' lang='lat' dir='ltr'>quam</span> <span class='ocrx_word' id='word_1_56' title='bbox 319 1247 353 1307; x_wconf 90' lang='lat' dir='ltr'>in</span> <span class='ocrx_word' id='word_1_57' title='bbox 377 1245 524 1307; x_wconf 86' lang='lat' dir='ltr'>alienum</span> <span class='ocrx_word' id='word_1_58' title='bbox 545 1244 658 1307; x_wconf 89' lang='lat' dir='ltr'>locum</span> <span class='ocrx_word' id='word_1_59' title='bbox 681 1246 727 1306; x_wconf 91' lang='lat' dir='ltr'>ita</span> <span class='ocrx_word' id='word_1_60' title='bbox 749 1246 920 1327; x_wconf 77' lang='lat' dir='ltr'>migrasse,</span> <span class='ocrx_word' id='word_1_61' title='bbox 943 1248 989 1326; x_wconf 93' lang='lat' dir='ltr'>ut,</span> <span class='ocrx_word' id='word_1_62' title='bbox 1019 1243 1110 1325; x_wconf 91' lang='lat' dir='ltr'>quod</span> <span class='ocrx_word' id='word_1_63' title='bbox 1134 1244 1214 1307; x_wconf 90' lang='lat' dir='ltr'>olim</span> <span class='ocrx_word' id='word_1_64' title='bbox 1235 1244 1361 1306; x_wconf 90' lang='lat' dir='ltr'>lemma</span> 
     </span>
     <span class='ocr_line' id='line_1_9' title="bbox 136 1346 1359 1431; baseline -0.001 -20"><span class='ocrx_word' id='word_1_65' title='bbox 136 1375 138 1382; x_wconf 53' lang='lat'><strong>⁴</strong></span> <span class='ocrx_word' id='word_1_66' title='bbox 196 1351 266 1431; x_wconf 87' lang='lat' dir='ltr'>fuit,</span> <span class='ocrx_word' id='word_1_67' title='bbox 289 1366 379 1410; x_wconf 90' lang='lat' dir='ltr'>nuno</span> <span class='ocrx_word' id='word_1_68' title='bbox 402 1347 584 1410; x_wconf 75' lang='lat' dir='ltr'>declaratio</span> <span class='ocrx_word' id='word_1_69' title='bbox 607 1349 659 1429; x_wconf 89' lang='lat' dir='ltr'>sit,</span> <span class='ocrx_word' id='word_1_70' title='bbox 683 1346 774 1429; x_wconf 90' lang='lat' dir='ltr'>quod</span> <span class='ocrx_word' id='word_1_71' title='bbox 793 1346 1097 1429; x_wconf 79' lang='lat' dir='ltr'>anteadeclaratiO,</span> <span class='ocrx_word' id='word_1_72' title='bbox 1121 1365 1211 1410; x_wconf 89' lang='lat' dir='ltr'>nunc</span> <span class='ocrx_word' id='word_1_73' title='bbox 1225 1348 1359 1430; x_wconf 89' lang='lat' dir='ltr'>lemma,</span> 
     </span>
     <span class='ocr_line' id='line_1_10' title="bbox 197 1449 1360 1532; baseline -0.001 -18"><span class='ocrx_word' id='word_1_74' title='bbox 197 1454 264 1514; x_wconf 91' lang='lat' dir='ltr'>iam</span> <span class='ocrx_word' id='word_1_75' title='bbox 288 1451 416 1513; x_wconf 90' lang='lat' dir='ltr'>dudum</span> <span class='ocrx_word' id='word_1_76' title='bbox 440 1450 655 1513; x_wconf 79' lang='lat' dir='ltr'>observatrun</span> <span class='ocrx_word' id='word_1_77' title='bbox 678 1455 737 1513; x_wconf 91' lang='lat' dir='ltr'>est.</span> <span class='ocrx_word' id='word_1_78' title='bbox 781 1449 885 1532; x_wconf 91' lang='lat' dir='ltr'>idque</span> <span class='ocrx_word' id='word_1_79' title='bbox 908 1452 1008 1513; x_wconf 91' lang='lat' dir='ltr'>etiam</span> <span class='ocrx_word' id='word_1_80' title='bbox 1035 1451 1101 1513; x_wconf 89' lang='lat' dir='ltr'>hoc</span> <span class='ocrx_word' id='word_1_81' title='bbox 1128 1451 1205 1515; x_wconf 92' lang='lat' dir='ltr'>loco</span> <span class='ocrx_word' id='word_1_82' title='bbox 1234 1451 1360 1513; x_wconf 87' lang='lat' dir='ltr'>factum</span> 
     </span>
     <span class='ocr_line' id='line_1_11' title="bbox 198 1549 1358 1636; baseline -0.002 -18"><span class='ocrx_word' id='word_1_83' title='bbox 198 1573 272 1618; x_wconf 89' lang='lat' dir='ltr'>esse</span> <span class='ocrx_word' id='word_1_84' title='bbox 294 1573 363 1617; x_wconf 91' lang='lat' dir='ltr'>non</span> <span class='ocrx_word' id='word_1_85' title='bbox 387 1558 437 1616; x_wconf 91' lang='lat' dir='ltr'>est</span> <span class='ocrx_word' id='word_1_86' title='bbox 451 1549 522 1615; x_wconf 89' lang='lat' dir='ltr'>veri</span> <span class='ocrx_word' id='word_1_87' title='bbox 539 1552 707 1616; x_wconf 85' lang='lat' dir='ltr'>dissimile.</span> <span class='ocrx_word' id='word_1_88' title='bbox 723 1588 765 1600; x_wconf 93' lang='lat'><em>-</em></span> <span class='ocrx_word' id='word_1_89' title='bbox 781 1553 872 1615; x_wconf 88' lang='lat' dir='ltr'>aliud</span> <span class='ocrx_word' id='word_1_90' title='bbox 889 1552 1067 1616; x_wconf 79' lang='lat' dir='ltr'>discrimen</span> <span class='ocrx_word' id='word_1_91' title='bbox 1082 1554 1169 1616; x_wconf 91' lang='lat' dir='ltr'>inter</span> <span class='ocrx_word' id='word_1_92' title='bbox 1181 1554 1243 1616; x_wconf 91' lang='lat' dir='ltr'>hos</span> <span class='ocrx_word' id='word_1_93' title='bbox 1259 1554 1358 1636; x_wconf 90' lang='lat' dir='ltr'>scrip·</span> 
     </span>
     <span class='ocr_line' id='line_1_12' title="bbox 197 1653 1357 1739; baseline -0.001 -18"><span class='ocrx_word' id='word_1_94' title='bbox 197 1663 286 1722; x_wconf 90' lang='lat' dir='ltr'>tores</span> <span class='ocrx_word' id='word_1_95' title='bbox 303 1659 421 1720; x_wconf 80' lang='lat' dir='ltr'>¹statuit</span> <span class='ocrx_word' id='word_1_96' title='bbox 441 1657 579 1720; x_wconf 86' lang='lat' dir='ltr'>Boeckh</span> <span class='ocrx_word' id='word_1_97' title='bbox 602 1656 793 1735; x_wconf 82' lang='lat' dir='ltr'>(Staatsh.I</span> <span class='ocrx_word' id='word_1_98' title='bbox 813 1677 846 1738; x_wconf 89' lang='lat' dir='ltr'>p.</span> <span class='ocrx_word' id='word_1_99' title='bbox 859 1653 920 1718; x_wconf 87' lang='grc'>242</span> <span class='ocrx_word' id='word_1_100' title='bbox 943 1660 1007 1739; x_wconf 83' lang='lat' dir='ltr'>sq.)</span> <span class='ocrx_word' id='word_1_101' title='bbox 1033 1655 1081 1720; x_wconf 77' lang='lat' dir='ltr'>de&#39;</span> <span class='ocrx_word' id='word_1_102' title='bbox 1095 1656 1357 1720; x_wconf 89' lang='lat' dir='ltr'>hellenotamiis:</span> 
     </span>
     <span class='ocr_line' id='line_1_13' title="bbox 195 1758 1360 1844; baseline -0.001 -20"><span class='ocrx_word' id='word_1_103' title='bbox 195 1762 369 1824; x_wconf 89' lang='lat' dir='ltr'>Pollucem</span> <span class='ocrx_word' id='word_1_104' title='bbox 399 1759 428 1844; x_wconf 69' lang='lat'>(5</span> <span class='ocrx_word' id='word_1_105' title='bbox 454 1758 529 1839; x_wconf 81' lang='lat'>114)</span> <span class='ocrx_word' id='word_1_106' title='bbox 558 1760 683 1841; x_wconf 87' lang='lat' dir='ltr'>reiecit,</span> <span class='ocrx_word' id='word_1_107' title='bbox 711 1760 918 1839; x_wconf 87' lang='lat' dir='ltr'>Hesychium</span> <span class='ocrx_word' id='word_1_108' title='bbox 945 1760 1109 1842; x_wconf 88' lang='lat' dir='ltr'>probavit.</span> <span class='ocrx_word' id='word_1_109' title='bbox 1154 1759 1215 1822; x_wconf 89' lang='lat' dir='ltr'>sed</span> <span class='ocrx_word' id='word_1_110' title='bbox 1242 1759 1360 1823; x_wconf 88' lang='lat' dir='ltr'>nihilo·</span> 
     </span>
     <span class='ocr_line' id='line_1_14' title="bbox 196 1861 1360 1945; baseline -0.003 -18"><span class='ocrx_word' id='word_1_111' title='bbox 196 1866 309 1945; x_wconf 87' lang='lat' dir='ltr'>setius,</span> <span class='ocrx_word' id='word_1_112' title='bbox 333 1882 409 1926; x_wconf 89' lang='lat' dir='ltr'>cum</span> <span class='ocrx_word' id='word_1_113' title='bbox 425 1863 632 1945; x_wconf 89' lang='lat' dir='ltr'>grammatici</span> <span class='ocrx_word' id='word_1_114' title='bbox 646 1863 736 1924; x_wconf 92' lang='lat' dir='ltr'>hunc</span> <span class='ocrx_word' id='word_1_115' title='bbox 750 1864 980 1945; x_wconf 89' lang='lat' dir='ltr'>magistratum</span> <span class='ocrx_word' id='word_1_116' title='bbox 996 1863 1052 1924; x_wconf 92' lang='lat' dir='ltr'>alii</span> <span class='ocrx_word' id='word_1_117' title='bbox 1067 1862 1164 1924; x_wconf 89' lang='lat' dir='ltr'>aliter</span> <span class='ocrx_word' id='word_1_118' title='bbox 1178 1861 1360 1945; x_wconf 88' lang='lat' dir='ltr'>declarent,</span> 
     </span>
     <span class='ocr_line' id='line_1_15' title="bbox 197 1964 1361 2047; baseline -0.002 -17"><span class='ocrx_word' id='word_1_119' title='bbox 197 1987 217 2029; x_wconf 89' lang='lat' dir='ltr'>a</span> <span class='ocrx_word' id='word_1_120' title='bbox 238 1968 378 2030; x_wconf 92' lang='lat' dir='ltr'>Polluce</span> <span class='ocrx_word' id='word_1_121' title='bbox 400 1983 501 2028; x_wconf 90' lang='lat' dir='ltr'>namo</span> <span class='ocrx_word' id='word_1_122' title='bbox 524 1966 634 2027; x_wconf 86' lang='lat' dir='ltr'>minus</span> <span class='ocrx_word' id='word_1_123' title='bbox 655 1964 784 2028; x_wconf 89' lang='lat' dir='ltr'>recedit</span> <span class='ocrx_word' id='word_1_124' title='bbox 806 1984 908 2047; x_wconf 91' lang='lat' dir='ltr'>quam</span> <span class='ocrx_word' id='word_1_125' title='bbox 930 1965 1128 2046; x_wconf 87' lang='lat' dir='ltr'>Hesychius.</span> <span class='ocrx_word' id='word_1_126' title='bbox 1172 1965 1244 2028; x_wconf 91' lang='lat' dir='ltr'>noli</span> <span class='ocrx_word' id='word_1_127' title='bbox 1272 1966 1361 2028; x_wconf 91' lang='lat' dir='ltr'>enim</span> 
     </span>
     <span class='ocr_line' id='line_1_16' title="bbox 198 2067 1360 2150; baseline -0.002 -18"><span class='ocrx_word' id='word_1_128' title='bbox 198 2089 275 2133; x_wconf 90' lang='lat' dir='ltr'>cum</span> <span class='ocrx_word' id='word_1_129' title='bbox 296 2069 467 2132; x_wconf 83' lang='lat' dir='ltr'>Boeckhio</span> <span class='ocrx_word' id='word_1_130' title='bbox 491 2067 582 2150; x_wconf 91' lang='lat' dir='ltr'>apud</span> <span class='ocrx_word' id='word_1_131' title='bbox 603 2069 778 2132; x_wconf 89' lang='lat' dir='ltr'>Pollucem</span> <span class='ocrx_word' id='word_1_132' title='bbox 800 2085 921 2132; x_wconf 87' lang='lat' dir='ltr'>vocem</span> <span class='ocrx_word' id='word_1_133' title='bbox 937 2067 1119 2150; x_wconf 78' lang='grc' dir='ltr'><strong><em>ἐκλέγοντες</em></strong></span> <span class='ocrx_word' id='word_1_134' title='bbox 1134 2085 1288 2150; x_wconf 87' lang='lat' dir='ltr'>premere</span> <span class='ocrx_word' id='word_1_135' title='bbox 1305 2071 1360 2147; x_wconf 82' lang='lat' dir='ltr'>(cl.</span> 
     </span>
     <span class='ocr_line' id='line_1_17' title="bbox 196 2167 1362 2254; baseline -0.003 -18"><span class='ocrx_word' id='word_1_136' title='bbox 196 2174 345 2236; x_wconf 87' lang='lat' dir='ltr'>Psellum</span> <span class='ocrx_word' id='word_1_137' title='bbox 362 2172 413 2235; x_wconf 83' lang='lat' dir='ltr'>ed.</span> <span class='ocrx_word' id='word_1_138' title='bbox 430 2173 582 2235; x_wconf 87' lang='lat' dir='ltr'>Boisson.</span> <span class='ocrx_word' id='word_1_139' title='bbox 599 2191 630 2252; x_wconf 86' lang='lat' dir='ltr'>p.</span> <span class='ocrx_word' id='word_1_140' title='bbox 649 2170 715 2234; x_wconf 77' lang='lat'>104&#39;</span> <span class='ocrx_word' id='word_1_141' title='bbox 732 2173 786 2232; x_wconf 81' lang='grc' dir='ltr'>καὶ</span> <span class='ocrx_word' id='word_1_142' title='bbox 810 2167 867 2233; x_wconf 81' lang='grc' dir='ltr'><strong><em>τὸν</em></strong></span> <span class='ocrx_word' id='word_1_143' title='bbox 890 2169 1137 2254; x_wconf 76' lang='grc' dir='ltr'><strong><em>φορολογοῦντα</em></strong></span> <span class='ocrx_word' id='word_1_144' title='bbox 1155 2170 1197 2233; x_wconf 89' lang='grc' dir='ltr'>τὰ</span> <span class='ocrx_word' id='word_1_145' title='bbox 1211 2169 1362 2254; x_wconf 79' lang='grc' dir='ltr'><strong><em>χρήματα</em></strong></span> 
     </span>
     <span class='ocr_line' id='line_1_18' title="bbox 197 2269 1360 2359; baseline -0.002 -21"><span class='ocrx_word' id='word_1_146' title='bbox 197 2274 437 2359; x_wconf 82' lang='grc' dir='ltr'><strong><em>ἑλληνοταμίαν</em></strong></span> <span class='ocrx_word' id='word_1_147' title='bbox 460 2270 647 2357; x_wconf 52' lang='lat' dir='ltr'>decoctor,</span> <span class='ocrx_word' id='word_1_148' title='bbox 670 2274 773 2337; x_wconf 86' lang='lat' dir='ltr'>Thuc.</span> <span class='ocrx_word' id='word_1_149' title='bbox 795 2274 821 2356; x_wconf 86' lang='lat' dir='ltr'>I,</span> <span class='ocrx_word' id='word_1_150' title='bbox 844 2269 886 2334; x_wconf 88' lang='lat'>96</span> <span class='ocrx_word' id='word_1_151' title='bbox 915 2271 950 2335; x_wconf 78' lang='grc' dir='ltr'>οἳ</span> <span class='ocrx_word' id='word_1_152' title='bbox 976 2272 1125 2354; x_wconf 76' lang='grc' dir='ltr'><strong><em>ἐδέχοντο</em></strong></span> <span class='ocrx_word' id='word_1_153' title='bbox 1149 2270 1207 2336; x_wconf 85' lang='grc' dir='ltr'><strong><em>τὸν</em></strong></span> <span class='ocrx_word' id='word_1_154' title='bbox 1229 2273 1360 2356; x_wconf 75' lang='grc' dir='ltr'><strong><em>μόρον).</em></strong></span> 
     </span>
     <span class='ocr_line' id='line_1_19' title="bbox 197 2376 1361 2460; baseline -0.003 -18"><span class='ocrx_word' id='word_1_155' title='bbox 197 2379 280 2442; x_wconf 91' lang='lat' dir='ltr'>illud</span> <span class='ocrx_word' id='word_1_156' title='bbox 309 2381 459 2460; x_wconf 84' lang='lat' dir='ltr'>profecto</span> <span class='ocrx_word' id='word_1_157' title='bbox 488 2377 636 2441; x_wconf 88' lang='lat' dir='ltr'>Pollucis</span> <span class='ocrx_word' id='word_1_158' title='bbox 666 2380 699 2439; x_wconf 90' lang='lat' dir='ltr'>et</span> <span class='ocrx_word' id='word_1_159' title='bbox 725 2377 886 2457; x_wconf 91' lang='lat' dir='ltr'>Hesychii</span> <span class='ocrx_word' id='word_1_160' title='bbox 919 2395 1055 2459; x_wconf 92' lang='lat' dir='ltr'>prorsus</span> <span class='ocrx_word' id='word_1_161' title='bbox 1084 2376 1166 2439; x_wconf 91' lang='lat' dir='ltr'>nihil</span> <span class='ocrx_word' id='word_1_162' title='bbox 1194 2378 1361 2460; x_wconf 88' lang='lat' dir='ltr'>intererat,</span> 
     </span>
     <span class='ocr_line' id='line_1_20' title="bbox 147 2477 1362 2563; baseline -0.002 -19"><span class='ocrx_word' id='word_1_163' title='bbox 147 2519 149 2524; x_wconf 95' lang='lat'>·</span> <span class='ocrx_word' id='word_1_164' title='bbox 197 2487 309 2544; x_wconf 90' lang='lat' dir='ltr'>utrum</span> <span class='ocrx_word' id='word_1_165' title='bbox 331 2483 387 2542; x_wconf 82' lang='grc' dir='ltr'>τοῦ</span> <span class='ocrx_word' id='word_1_166' title='bbox 411 2477 517 2563; x_wconf 79' lang='grc' dir='ltr'><strong><em>φόρον</em></strong></span> <span class='ocrx_word' id='word_1_167' title='bbox 540 2483 656 2561; x_wconf 84' lang='grc' dir='ltr'><strong><em>ταμίαι</em></strong></span> <span class='ocrx_word' id='word_1_168' title='bbox 677 2479 862 2542; x_wconf 87' lang='lat' dir='ltr'>scriberent</span> <span class='ocrx_word' id='word_1_169' title='bbox 877 2498 919 2541; x_wconf 92' lang='lat' dir='ltr'>an</span> <span class='ocrx_word' id='word_1_170' title='bbox 940 2477 1016 2552; x_wconf 75' lang='grc' dir='ltr'><strong><em>τοὺς</em></strong></span> <span class='ocrx_word' id='word_1_171' title='bbox 1033 2477 1154 2562; x_wconf 82' lang='grc' dir='ltr'><strong><em>φόρους</em></strong></span> <span class='ocrx_word' id='word_1_172' title='bbox 1170 2477 1362 2560; x_wconf 76' lang='grc' dir='ltr'><strong><em>ἐκλέγοντες.</em></strong></span> 
     </span>
     <span class='ocr_line' id='line_1_21' title="bbox 198 2582 1361 2664; baseline 0 -17"><span class='ocrx_word' id='word_1_173' title='bbox 198 2586 226 2647; x_wconf 90' lang='lat' dir='ltr'>si</span> <span class='ocrx_word' id='word_1_174' title='bbox 247 2585 281 2646; x_wconf 90' lang='lat' dir='ltr'>in</span> <span class='ocrx_word' id='word_1_175' title='bbox 304 2584 371 2645; x_wconf 88' lang='lat' dir='ltr'>fine</span> <span class='ocrx_word' id='word_1_176' title='bbox 392 2583 459 2646; x_wconf 91' lang='lat' dir='ltr'>loci</span> <span class='ocrx_word' id='word_1_177' title='bbox 473 2583 597 2646; x_wconf 83' lang='lat' dir='ltr'>Pollux</span> <span class='ocrx_word' id='word_1_178' title='bbox 618 2584 652 2645; x_wconf 89' lang='lat' dir='ltr'>in</span> <span class='ocrx_word' id='word_1_179' title='bbox 676 2599 823 2645; x_wconf 90' lang='lat' dir='ltr'>errorem</span> <span class='ocrx_word' id='word_1_180' title='bbox 845 2582 970 2664; x_wconf 85' lang='lat' dir='ltr'>incidit,</span> <span class='ocrx_word' id='word_1_181' title='bbox 993 2582 1181 2663; x_wconf 88' lang='lat' dir='ltr'>Hesychius</span> <span class='ocrx_word' id='word_1_182' title='bbox 1201 2601 1277 2646; x_wconf 91' lang='lat' dir='ltr'>eum</span> <span class='ocrx_word' id='word_1_183' title='bbox 1293 2602 1361 2647; x_wconf 90' lang='lat' dir='ltr'>non</span> 
     </span>
     <span class='ocr_line' id='line_1_22' title="bbox 199 2685 1224 2768; baseline -0.003 -17"><span class='ocrx_word' id='word_1_184' title='bbox 199 2687 311 2768; x_wconf 89' lang='lat' dir='ltr'>habet,</span> <span class='ocrx_word' id='word_1_185' title='bbox 334 2687 387 2748; x_wconf 93' lang='lat' dir='ltr'>hic</span> <span class='ocrx_word' id='word_1_186' title='bbox 411 2690 501 2748; x_wconf 89' lang='lat' dir='ltr'>certe</span> <span class='ocrx_word' id='word_1_187' title='bbox 523 2685 670 2766; x_wconf 88' lang='lat' dir='ltr'>eundem</span> <span class='ocrx_word' id='word_1_188' title='bbox 692 2703 762 2748; x_wconf 90' lang='lat' dir='ltr'>non</span> <span class='ocrx_word' id='word_1_189' title='bbox 785 2687 922 2748; x_wconf 85' lang='lat' dir='ltr'>evitavit</span> <span class='ocrx_word' id='word_1_190' title='bbox 943 2686 1008 2748; x_wconf 90' lang='lat' dir='ltr'>nisi</span> <span class='ocrx_word' id='word_1_191' title='bbox 1028 2685 1224 2748; x_wconf 81' lang='lat' dir='ltr'>resecando.</span> 
     </span>
    </p>
   </div>
   <div class='ocr_carea' id='block_1_3' title="bbox 198 2798 1366 4326">
    <p class='ocr_par' dir='ltr' id='par_1_3' title="bbox 198 2798 1366 4326">
     <span class='ocr_line' id='line_1_23' title="bbox 283 2798 1365 2880; baseline 0.001 -18"><span class='ocrx_word' id='word_1_192' title='bbox 283 2799 329 2862; x_wconf 91' lang='lat' dir='ltr'>Ut</span> <span class='ocrx_word' id='word_1_193' title='bbox 350 2817 430 2863; x_wconf 91' lang='lat' dir='ltr'>vero</span> <span class='ocrx_word' id='word_1_194' title='bbox 454 2817 531 2861; x_wconf 89' lang='lat' dir='ltr'>mea</span> <span class='ocrx_word' id='word_1_195' title='bbox 553 2799 719 2861; x_wconf 88' lang='lat' dir='ltr'>sententia</span> <span class='ocrx_word' id='word_1_196' title='bbox 742 2816 909 2861; x_wconf 90' lang='lat' dir='ltr'>consensu</span> <span class='ocrx_word' id='word_1_197' title='bbox 930 2798 1061 2880; x_wconf 90' lang='lat' dir='ltr'>partis</span> <span class='ocrx_word' id='word_1_198' title='bbox 1083 2799 1235 2862; x_wconf 90' lang='lat' dir='ltr'>Pollucei</span> <span class='ocrx_word' id='word_1_199' title='bbox 1248 2800 1315 2863; x_wconf 93' lang='lat' dir='ltr'>loci</span> <span class='ocrx_word' id='word_1_200' title='bbox 1331 2805 1365 2864; x_wconf 89' lang='lat' dir='ltr'>et</span> 
     </span>
     <span class='ocr_line' id='line_1_24' title="bbox 201 2901 1363 2985; baseline 0.002 -20"><span class='ocrx_word' id='word_1_201' title='bbox 201 2905 300 2966; x_wconf 90' lang='lat' dir='ltr'>totius</span> <span class='ocrx_word' id='word_1_202' title='bbox 323 2904 456 2985; x_wconf 88' lang='lat' dir='ltr'>glossae</span> <span class='ocrx_word' id='word_1_203' title='bbox 471 2901 713 2984; x_wconf 79' lang='lat' dir='ltr'>Hesychianae·</span> <span class='ocrx_word' id='word_1_204' title='bbox 724 2901 948 2983; x_wconf 85' lang='lat' dir='ltr'>confirmatur,</span> <span class='ocrx_word' id='word_1_205' title='bbox 970 2903 1018 2964; x_wconf 91' lang='lat' dir='ltr'>ita</span> <span class='ocrx_word' id='word_1_206' title='bbox 1033 2901 1198 2964; x_wconf 89' lang='lat' dir='ltr'>eiusmodi</span> <span class='ocrx_word' id='word_1_207' title='bbox 1212 2903 1363 2966; x_wconf 87' lang='lat' dir='ltr'>locorum</span> 
     </span>
     <span class='ocr_line' id='line_1_25' title="bbox 200 3004 1365 3088; baseline 0.001 -20"><span class='ocrx_word' id='word_1_208' title='bbox 200 3006 424 3087; x_wconf 89' lang='lat' dir='ltr'>discrepantia</span> <span class='ocrx_word' id='word_1_209' title='bbox 456 3022 500 3067; x_wconf 89' lang='lat' dir='ltr'>ne</span> <span class='ocrx_word' id='word_1_210' title='bbox 533 3005 699 3067; x_wconf 88' lang='lat' dir='ltr'>tantillum</span> <span class='ocrx_word' id='word_1_211' title='bbox 738 3004 874 3087; x_wconf 90' lang='lat' dir='ltr'>quidem</span> <span class='ocrx_word' id='word_1_212' title='bbox 911 3005 1070 3067; x_wconf 88' lang='lat' dir='ltr'>evertitur</span> <span class='ocrx_word' id='word_1_213' title='bbox 1106 3008 1200 3083; x_wconf 88' lang='lat' dir='ltr'>(nam</span> <span class='ocrx_word' id='word_1_214' title='bbox 1232 3011 1365 3088; x_wconf 90' lang='lat' dir='ltr'>poterat</span> 
     </span>
     <span class='ocr_line' id='line_1_26' title="bbox 198 3107 1366 3192; baseline 0 -21"><span class='ocrx_word' id='word_1_215' title='bbox 198 3127 318 3171; x_wconf 86' lang='lat' dir='ltr'>revera</span> <span class='ocrx_word' id='word_1_216' title='bbox 330 3107 535 3190; x_wconf 90' lang='lat' dir='ltr'>Pamphilus,</span> <span class='ocrx_word' id='word_1_217' title='bbox 557 3107 613 3169; x_wconf 86' lang='lat' dir='ltr'>vel</span> <span class='ocrx_word' id='word_1_218' title='bbox 636 3109 785 3190; x_wconf 92' lang='lat' dir='ltr'>quisquis</span> <span class='ocrx_word' id='word_1_219' title='bbox 807 3111 884 3189; x_wconf 92' lang='lat' dir='ltr'>post</span> <span class='ocrx_word' id='word_1_220' title='bbox 907 3125 983 3170; x_wconf 90' lang='lat' dir='ltr'>eum</span> <span class='ocrx_word' id='word_1_221' title='bbox 1007 3107 1102 3189; x_wconf 88' lang='lat' dir='ltr'>tales,</span> <span class='ocrx_word' id='word_1_222' title='bbox 1126 3108 1241 3188; x_wconf 88' lang='lat' dir='ltr'>quales</span> <span class='ocrx_word' id='word_1_223' title='bbox 1264 3127 1366 3192; x_wconf 90' lang='lat' dir='ltr'>supra</span> 
     </span>
     <span class='ocr_line' id='line_1_27' title="bbox 200 3210 1365 3293; baseline 0.001 -19"><span class='ocrx_word' id='word_1_224' title='bbox 200 3211 370 3293; x_wconf 88' lang='lat' dir='ltr'>descripsi,</span> <span class='ocrx_word' id='word_1_225' title='bbox 393 3214 564 3292; x_wconf 90' lang='lat' dir='ltr'>separatas</span> <span class='ocrx_word' id='word_1_226' title='bbox 586 3211 715 3292; x_wconf 88' lang='lat' dir='ltr'>glossas</span> <span class='ocrx_word' id='word_1_227' title='bbox 730 3212 764 3273; x_wconf 92' lang='lat' dir='ltr'>in</span> <span class='ocrx_word' id='word_1_228' title='bbox 778 3210 863 3273; x_wconf 91' lang='lat' dir='ltr'>illud</span> <span class='ocrx_word' id='word_1_229' title='bbox 877 3211 1013 3273; x_wconf 80' lang='lat' dir='ltr'>lexicon</span> <span class='ocrx_word' id='word_1_230' title='bbox 1027 3211 1175 3292; x_wconf 86' lang='lat' dir='ltr'>inseruit,</span> <span class='ocrx_word' id='word_1_231' title='bbox 1197 3211 1365 3275; x_wconf 91' lang='lat' dir='ltr'>interdum</span> 
     </span>
     <span class='ocr_line' id='line_1_28' title="bbox 200 3312 1364 3396; baseline 0 -19"><span class='ocrx_word' id='word_1_232' title='bbox 200 3315 303 3377; x_wconf 89' lang='lat' dir='ltr'>alium</span> <span class='ocrx_word' id='word_1_233' title='bbox 326 3314 453 3377; x_wconf 88' lang='lat' dir='ltr'>sontem</span> <span class='ocrx_word' id='word_1_234' title='bbox 476 3312 519 3375; x_wconf 92' lang='lat' dir='ltr'>ad</span> <span class='ocrx_word' id='word_1_235' title='bbox 542 3314 705 3378; x_wconf 90' lang='lat' dir='ltr'>maiorem</span> <span class='ocrx_word' id='word_1_236' title='bbox 727 3313 883 3396; x_wconf 89' lang='lat' dir='ltr'>glossam,</span> <span class='ocrx_word' id='word_1_237' title='bbox 907 3313 998 3376; x_wconf 93' lang='lat' dir='ltr'>unde</span> <span class='ocrx_word' id='word_1_238' title='bbox 1019 3313 1143 3376; x_wconf 88' lang='lat' dir='ltr'>Pollux</span> <span class='ocrx_word' id='word_1_239' title='bbox 1164 3314 1285 3396; x_wconf 85' lang='lat' dir='ltr'>hausit,</span> <span class='ocrx_word' id='word_1_240' title='bbox 1308 3314 1364 3377; x_wconf 88' lang='lat' dir='ltr'>ad·</span> 
     </span>
     <span class='ocr_line' id='line_1_29' title="bbox 200 3415 1364 3499; baseline 0 -19"><span class='ocrx_word' id='word_1_241' title='bbox 200 3418 326 3498; x_wconf 89' lang='lat' dir='ltr'>hibere,</span> <span class='ocrx_word' id='word_1_242' title='bbox 356 3416 459 3479; x_wconf 90' lang='lat' dir='ltr'>alium</span> <span class='ocrx_word' id='word_1_243' title='bbox 482 3415 525 3479; x_wconf 91' lang='lat' dir='ltr'>ad</span> <span class='ocrx_word' id='word_1_244' title='bbox 547 3417 712 3480; x_wconf 88' lang='lat' dir='ltr'>minorem</span> <span class='ocrx_word' id='word_1_245' title='bbox 734 3417 965 3499; x_wconf 87' lang='lat' dir='ltr'>peculiarem),</span> <span class='ocrx_word' id='word_1_246' title='bbox 996 3415 1177 3479; x_wconf 91' lang='lat' dir='ltr'>dummodo</span> <span class='ocrx_word' id='word_1_247' title='bbox 1202 3434 1245 3478; x_wconf 90' lang='lat' dir='ltr'>ne</span> <span class='ocrx_word' id='word_1_248' title='bbox 1267 3419 1364 3480; x_wconf 90' lang='lat' dir='ltr'>nimis</span> 
     </span>
     <span class='ocr_line' id='line_1_30' title="bbox 200 3520 1365 3604; baseline 0.002 -22"><span class='ocrx_word' id='word_1_249' title='bbox 200 3520 326 3583; x_wconf 88' lang='lat' dir='ltr'>multae</span> <span class='ocrx_word' id='word_1_250' title='bbox 348 3521 445 3583; x_wconf 89' lang='lat' dir='ltr'>huius</span> <span class='ocrx_word' id='word_1_251' title='bbox 469 3523 599 3603; x_wconf 88' lang='lat' dir='ltr'>generis</span> <span class='ocrx_word' id='word_1_252' title='bbox 622 3522 755 3604; x_wconf 89' lang='lat' dir='ltr'>glossae</span> <span class='ocrx_word' id='word_1_253' title='bbox 776 3523 993 3604; x_wconf 89' lang='lat' dir='ltr'>reperiantur.</span> <span class='ocrx_word' id='word_1_254' title='bbox 1032 3539 1097 3584; x_wconf 89' lang='lat' dir='ltr'>nec</span> <span class='ocrx_word' id='word_1_255' title='bbox 1116 3522 1230 3603; x_wconf 90' lang='lat' dir='ltr'>plures</span> <span class='ocrx_word' id='word_1_256' title='bbox 1252 3522 1365 3584; x_wconf 87' lang='lat' dir='ltr'>inveni</span> 
     </span>
     <span class='ocr_line' id='line_1_31' title="bbox 201 3621 1364 3708; baseline 0.002 -21"><span class='ocrx_word' id='word_1_257' title='bbox 201 3643 303 3708; x_wconf 90' lang='lat' dir='ltr'>quam</span> <span class='ocrx_word' id='word_1_258' title='bbox 326 3627 402 3686; x_wconf 89' lang='lat' dir='ltr'>tres.</span> <span class='ocrx_word' id='word_1_259' title='bbox 448 3623 491 3686; x_wconf 91' lang='lat' dir='ltr'>de</span> <span class='ocrx_word' id='word_1_260' title='bbox 518 3625 627 3706; x_wconf 91' lang='lat' dir='ltr'>prima</span> <span class='ocrx_word' id='word_1_261' title='bbox 656 3623 848 3708; x_wconf 68' lang='grc' dir='ltr'><strong><em>(κάθαρμα)</em></strong></span> <span class='ocrx_word' id='word_1_262' title='bbox 877 3625 944 3686; x_wconf 90' lang='lat' dir='ltr'>iam</span> <span class='ocrx_word' id='word_1_263' title='bbox 972 3644 1005 3706; x_wconf 91' lang='lat' dir='ltr'>p.</span> <span class='ocrx_word' id='word_1_264' title='bbox 1030 3621 1089 3686; x_wconf 89' lang='grc'>101</span> <span class='ocrx_word' id='word_1_265' title='bbox 1118 3625 1251 3688; x_wconf 89' lang='lat' dir='ltr'>locutus</span> <span class='ocrx_word' id='word_1_266' title='bbox 1280 3643 1364 3689; x_wconf 86' lang='lat' dir='ltr'>sum.</span> 
     </span>
     <span class='ocr_line' id='line_1_32' title="bbox 201 3725 1364 3812; baseline -0.001 -20"><span class='ocrx_word' id='word_1_267' title='bbox 201 3729 307 3792; x_wconf 89' lang='lat' dir='ltr'>altera</span> <span class='ocrx_word' id='word_1_268' title='bbox 329 3731 380 3791; x_wconf 90' lang='lat' dir='ltr'>est</span> <span class='ocrx_word' id='word_1_269' title='bbox 402 3727 445 3790; x_wconf 90' lang='lat' dir='ltr'>de</span> <span class='ocrx_word' id='word_1_270' title='bbox 474 3728 560 3790; x_wconf 89' lang='lat' dir='ltr'>funis</span> <span class='ocrx_word' id='word_1_271' title='bbox 587 3727 747 3790; x_wconf 89' lang='lat' dir='ltr'>rubricati</span> <span class='ocrx_word' id='word_1_272' title='bbox 774 3729 809 3790; x_wconf 91' lang='lat' dir='ltr'>in</span> <span class='ocrx_word' id='word_1_273' title='bbox 839 3729 996 3790; x_wconf 88' lang='lat' dir='ltr'>contione</span> <span class='ocrx_word' id='word_1_274' title='bbox 1023 3747 1088 3790; x_wconf 91' lang='lat' dir='ltr'>usu</span> <span class='ocrx_word' id='word_1_275' title='bbox 1115 3725 1364 3812; x_wconf 66' lang='grc'><strong>(10111104),</strong></span> 
     </span>
     <span class='ocr_line' id='line_1_33' title="bbox 201 3828 1364 3914; baseline 0 -22"><span class='ocrx_word' id='word_1_276' title='bbox 201 3830 260 3894; x_wconf 92' lang='lat' dir='ltr'>ubi</span> <span class='ocrx_word' id='word_1_277' title='bbox 273 3831 398 3893; x_wconf 88' lang='lat' dir='ltr'>Pollux</span> <span class='ocrx_word' id='word_1_278' title='bbox 421 3849 497 3893; x_wconf 91' lang='lat' dir='ltr'>cum</span> <span class='ocrx_word' id='word_1_279' title='bbox 514 3830 646 3912; x_wconf 86' lang='lat' dir='ltr'>Photio,</span> <span class='ocrx_word' id='word_1_280' title='bbox 668 3836 811 3914; x_wconf 87' lang='lat' dir='ltr'>uterque</span> <span class='ocrx_word' id='word_1_281' title='bbox 834 3846 910 3893; x_wconf 89' lang='lat' dir='ltr'>cum</span> <span class='ocrx_word' id='word_1_282' title='bbox 933 3831 1036 3894; x_wconf 89' lang='lat' dir='ltr'>schol.</span> <span class='ocrx_word' id='word_1_283' title='bbox 1052 3830 1151 3894; x_wconf 84' lang='lat' dir='ltr'>Arist.</span> <span class='ocrx_word' id='word_1_284' title='bbox 1166 3831 1311 3894; x_wconf 87' lang='lat' dir='ltr'>Acham.</span> <span class='ocrx_word' id='word_1_285' title='bbox 1324 3828 1364 3893; x_wconf 84' lang='lat'>22</span> 
     </span>
     <span class='ocr_line' id='line_1_34' title="bbox 200 3930 1364 4017; baseline 0.003 -22"><span class='ocrx_word' id='word_1_286' title='bbox 200 3934 247 3995; x_wconf 87' lang='lat' dir='ltr'>ita</span> <span class='ocrx_word' id='word_1_287' title='bbox 283 3933 460 4013; x_wconf 90' lang='lat' dir='ltr'>conspirat,</span> <span class='ocrx_word' id='word_1_288' title='bbox 497 3935 534 3993; x_wconf 90' lang='lat' dir='ltr'>ut</span> <span class='ocrx_word' id='word_1_289' title='bbox 567 3930 610 3994; x_wconf 88' lang='lat' dir='ltr'>de</span> <span class='ocrx_word' id='word_1_290' title='bbox 644 3933 815 3996; x_wconf 91' lang='lat' dir='ltr'>communi</span> <span class='ocrx_word' id='word_1_291' title='bbox 846 3934 939 3996; x_wconf 84' lang='lat' dir='ltr'>fonte</span> <span class='ocrx_word' id='word_1_292' title='bbox 973 3932 1117 3996; x_wconf 88' lang='lat' dir='ltr'>dubitari</span> <span class='ocrx_word' id='word_1_293' title='bbox 1149 3951 1218 3996; x_wconf 90' lang='lat' dir='ltr'>non</span> <span class='ocrx_word' id='word_1_294' title='bbox 1250 3935 1364 4017; x_wconf 88' lang='lat' dir='ltr'>possit.</span> 
     </span>
     <span class='ocr_line' id='line_1_35' title="bbox 201 4031 1364 4120; baseline 0.001 -22"><span class='ocrx_word' id='word_1_295' title='bbox 201 4035 362 4116; x_wconf 84' lang='lat' dir='ltr'>Hesychii</span> <span class='ocrx_word' id='word_1_296' title='bbox 395 4037 507 4096; x_wconf 85' lang='lat' dir='ltr'>autem</span> <span class='ocrx_word' id='word_1_297' title='bbox 542 4037 716 4115; x_wconf 77' lang='grc' dir='ltr'><strong><em>(σχοινίονε</em></strong></span> <span class='ocrx_word' id='word_1_298' title='bbox 751 4032 788 4098; x_wconf 86' lang='grc' dir='ltr'>τὸ</span> <span class='ocrx_word' id='word_1_299' title='bbox 821 4035 1067 4118; x_wconf 73' lang='grc' dir='ltr'><strong><em>μεμιλτωμένον</em></strong></span> <span class='ocrx_word' id='word_1_300' title='bbox 1090 4034 1251 4118; x_wconf 66' lang='grc' dir='ltr'>Ιἔρραινον</span> <span class='ocrx_word' id='word_1_301' title='bbox 1284 4031 1364 4120; x_wconf 78' lang='grc' dir='ltr'>ὑπὲρ</span> 
     </span>
     <span class='ocr_line' id='line_1_36' title="bbox 202 4133 1365 4223; baseline 0 -22"><span class='ocrx_word' id='word_1_302' title='bbox 202 4139 259 4201; x_wconf 81' lang='grc' dir='ltr'>τοῦ</span> <span class='ocrx_word' id='word_1_303' title='bbox 290 4140 427 4221; x_wconf 78' lang='grc' dir='ltr'><strong><em>σοβῇσαι</em></strong></span> <span class='ocrx_word' id='word_1_304' title='bbox 457 4137 558 4216; x_wconf 87' lang='lat' dir='ltr'>[adde</span> <span class='ocrx_word' id='word_1_305' title='bbox 586 4135 684 4217; x_wconf 82' lang='grc' dir='ltr'><strong><em>κατά]</em></strong></span> <span class='ocrx_word' id='word_1_306' title='bbox 703 4135 772 4221; x_wconf 34' lang='grc' dir='ltr'><strong><em>’τὴν</em></strong></span> <span class='ocrx_word' id='word_1_307' title='bbox 800 4135 933 4223; x_wconf 80' lang='grc' dir='ltr'><strong><em>ἀγοράν,</em></strong></span> <span class='ocrx_word' id='word_1_308' title='bbox 962 4133 1063 4201; x_wconf 83' lang='grc' dir='ltr'><strong><em>ὁπότε</em></strong></span> <span class='ocrx_word' id='word_1_309' title='bbox 1089 4139 1283 4220; x_wconf 75' lang='grc' dir='ltr'><strong><em>βραδύνοιον</em></strong></span> <span class='ocrx_word' id='word_1_310' title='bbox 1310 4141 1365 4202; x_wconf 78' lang='grc' dir='ltr'>ἐπὶ</span> 
     </span>
     <span class='ocr_line' id='line_1_37' title="bbox 201 4237 1365 4326; baseline 0.001 -21"><span class='ocrx_word' id='word_1_311' title='bbox 201 4237 259 4324; x_wconf 75' lang='grc' dir='ltr'><strong><em>τὴν</em></strong></span> <span class='ocrx_word' id='word_1_312' title='bbox 282 4237 463 4324; x_wconf 71' lang='grc' dir='ltr'><strong><em>ἐκκλησίαν.</em></strong></span> <span class='ocrx_word' id='word_1_313' title='bbox 508 4242 563 4304; x_wconf 81' lang='grc' dir='ltr'>καὶ</span> <span class='ocrx_word' id='word_1_314' title='bbox 585 4241 621 4303; x_wconf 82' lang='grc' dir='ltr'><strong><em>ἐν</em></strong></span> <span class='ocrx_word' id='word_1_315' title='bbox 642 4243 681 4326; x_wconf 77' lang='grc' dir='ltr'>τῇ</span> <span class='ocrx_word' id='word_1_316' title='bbox 705 4242 760 4325; x_wconf 80' lang='grc' dir='ltr'><strong><em>νηῒ</em></strong></span> <span class='ocrx_word' id='word_1_317' title='bbox 779 4266 808 4306; x_wconf 88' lang='grc' dir='ltr'>κ,</span> <span class='ocrx_word' id='word_1_318' title='bbox 831 4265 859 4304; x_wconf 89' lang='grc' dir='ltr'>τ.</span> <span class='ocrx_word' id='word_1_319' title='bbox 882 4240 926 4321; x_wconf 87' lang='grc' dir='ltr'>λ.)</span> <span class='ocrx_word' id='word_1_320' title='bbox 958 4242 1020 4304; x_wconf 84' lang='lat' dir='ltr'>etsi</span> <span class='ocrx_word' id='word_1_321' title='bbox 1047 4243 1171 4306; x_wconf 83' lang='lat' dir='ltr'>lemma</span> <span class='ocrx_word' id='word_1_322' title='bbox 1200 4242 1243 4306; x_wconf 89' lang='lat' dir='ltr'>ad</span> <span class='ocrx_word' id='word_1_323' title='bbox 1269 4244 1365 4306; x_wconf 86' lang='lat' dir='ltr'>illum</span> 
     </span>
    </p>
   </div>
   <div class='ocr_carea' id='block_1_4' title="bbox 102 4343 1364 4428">
    <p class='ocr_par' dir='ltr' id='par_1_4' title="bbox 102 4343 1364 4428">
     <span class='ocr_line' id='line_1_38' title="bbox 102 4343 1364 4428; baseline 0.001 -20"><span class='ocrx_word' id='word_1_324' title='bbox 102 4358 119 4366; x_wconf 87' lang='grc'>··</span> <span class='ocrx_word' id='word_1_325' title='bbox 201 4343 433 4425; x_wconf 84' lang='lat' dir='ltr'>Aristophanis</span> <span class='ocrx_word' id='word_1_326' title='bbox 455 4344 568 4407; x_wconf 89' lang='lat' dir='ltr'>locum</span> <span class='ocrx_word' id='word_1_327' title='bbox 589 4345 743 4427; x_wconf 88' lang='lat' dir='ltr'>pertinet,</span> <span class='ocrx_word' id='word_1_328' title='bbox 772 4350 885 4408; x_wconf 88' lang='lat' dir='ltr'>tamen</span> <span class='ocrx_word' id='word_1_329' title='bbox 908 4346 1098 4428; x_wconf 90' lang='lat' dir='ltr'>explicatio,</span> <span class='ocrx_word' id='word_1_330' title='bbox 1126 4345 1161 4409; x_wconf 94' lang='lat' dir='ltr'>id</span> <span class='ocrx_word' id='word_1_331' title='bbox 1184 4345 1275 4428; x_wconf 88' lang='lat' dir='ltr'>quod</span> <span class='ocrx_word' id='word_1_332' title='bbox 1299 4345 1364 4410; x_wconf 91' lang='lat' dir='ltr'>edi·</span> 
     </span>
    </p>
   </div>
   <div class='ocr_carea' id='block_1_5' title="bbox 204 4446 1364 4637">
    <p class='ocr_par' dir='ltr' id='par_1_5' title="bbox 204 4446 1364 4637">
     <span class='ocr_line' id='line_1_39' title="bbox 204 4446 1363 4531; baseline 0.001 -21"><span class='ocrx_word' id='word_1_333' title='bbox 204 4452 310 4511; x_wconf 90' lang='lat' dir='ltr'>torem</span> <span class='ocrx_word' id='word_1_334' title='bbox 324 4447 367 4511; x_wconf 89' lang='lat' dir='ltr'>M.</span> <span class='ocrx_word' id='word_1_335' title='bbox 386 4446 605 4510; x_wconf 86' lang='lat' dir='ltr'>Schmidtium</span> <span class='ocrx_word' id='word_1_336' title='bbox 623 4448 714 4530; x_wconf 88' lang='lat' dir='ltr'>fugit,</span> <span class='ocrx_word' id='word_1_337' title='bbox 737 4447 914 4510; x_wconf 79' lang='lat' dir='ltr'>referenda</span> <span class='ocrx_word' id='word_1_338' title='bbox 930 4451 981 4510; x_wconf 89' lang='lat' dir='ltr'>est</span> <span class='ocrx_word' id='word_1_339' title='bbox 995 4447 1038 4510; x_wconf 88' lang='lat' dir='ltr'>ad</span> <span class='ocrx_word' id='word_1_340' title='bbox 1053 4448 1221 4531; x_wconf 88' lang='lat' dir='ltr'>Aristoph.</span> <span class='ocrx_word' id='word_1_341' title='bbox 1236 4450 1363 4513; x_wconf 86' lang='lat' dir='ltr'>Eccles.</span> 
     </span>
     <span class='ocr_line' id='line_1_40' title="bbox 204 4540 1364 4637; baseline 0.002 -25"><span class='ocrx_word' id='word_1_342' title='bbox 204 4546 266 4612; x_wconf 83' lang='lat'>378</span> <span class='ocrx_word' id='word_1_343' title='bbox 289 4551 343 4611; x_wconf 81' lang='grc' dir='ltr'>καὶ</span> <span class='ocrx_word' id='word_1_344' title='bbox 366 4548 445 4632; x_wconf 75' lang='grc' dir='ltr'><strong><em>δῆτα</em></strong></span> <span class='ocrx_word' id='word_1_345' title='bbox 468 4545 572 4612; x_wconf 83' lang='grc' dir='ltr'><strong><em>πολὺν</em></strong></span> <span class='ocrx_word' id='word_1_346' title='bbox 595 4544 749 4632; x_wconf 75' lang='grc' dir='ltr'><strong><em>ὁμίλτος,</em></strong></span> <span class='ocrx_word' id='word_1_347' title='bbox 774 4540 877 4613; x_wconf 77' lang='grc' dir='ltr'><em>ὧΖεῦ</em></span> <span class='ocrx_word' id='word_1_348' title='bbox 895 4549 1041 4635; x_wconf 80' lang='grc' dir='ltr'><strong><em>φίλτατε,</em></strong></span> <span class='ocrx_word' id='word_1_349' title='bbox 1065 4550 1175 4616; x_wconf 77' lang='grc' dir='ltr'><strong><em>Γέλων</em></strong></span> <span class='ocrx_word' id='word_1_350' title='bbox 1191 4559 1364 4637; x_wconf 76' lang='grc' dir='ltr'><strong><em>παρέσχεν,</em></strong></span> 
     </span>
    </p>
   </div>
   <div class='ocr_carea' id='block_1_6' title="bbox 0 0 1603 5136">
    <p class='ocr_par' dir='ltr' id='par_1_6' title="bbox 0 0 1603 5136">
     <span class='ocr_line' id='line_1_41' title="bbox 0 0 1603 5136; baseline 0 0"><span class='ocrx_word' id='word_1_351' title='bbox 0 0 1603 5136; x_wconf 95' lang='lat' dir='ltr'> </span> 
     </span>
    </p>
   </div>
  </div>
 </body>
</html>
