3194 5136
758 389 909 494 A

254 598 343 659 euim
364 594 560 658 Heraclides
588 597 656 676 pol.
678 595 800 660 Athen.
824 593 854 679 2,
885 596 929 660 ad
958 615 1058 678 quem
1087 600 1308 680 potissimum,
1339 618 1413 663 cum

253 699 368 761 similis
390 699 432 760 sit
453 697 547 760 initio
570 698 761 762 Plutarchci
776 701 902 783 capitis,
925 700 974 762 illi
987 705 1183 783 provocant,
1206 703 1314 785 ipsam
1330 702 1415 765 ordi·

253 821 334 864 num
356 802 564 864 mentionem
578 819 713 882 prorsus
731 805 861 866 omittit.
893 803 1016 866 deiude
1040 804 1185 867 eundem
1199 803 1416 868 Heraclidem

252 903 346 966 nulla
359 904 423 965 nisi
437 903 622 966 Aristotelii
637 907 747 987 operis
765 910 925 988 excerpta
940 907 1112 969 continere
1133 911 1267 988 praeter
1282 908 1415 970 Schnei-

254 1006 424 1069 dewinum
444 1024 544 1068 nemo
569 1025 669 1070 ausus
694 1011 744 1071 est
760 1008 974 1091 contendere,
998 1009 1220 1072 demonstrari
1241 1028 1350 1092 usque
1373 1010 1416 1073 ad

253 1111 342 1172 huuc
357 1109 446 1172 diem
462 1127 482 1170 1
496 1108 589 1172 nullo
608 1109 777 1192 potuitffl)
808 1116 879 1175 tum
899 1129 964 1174 neo
985 1111 1214 1195 lexicographi
1235 1130 1299 1175 nec
1321 1114 1415 1176 scho-

253 1404 403 1470 ascriptum
427 1402 554 1469 pertinet,
577 1400 631 1452 hoc
655 1405 697 1453 est
714 1401 749 1454 ad
772 1400 963 1456 Aristotelem.
998 1380 1063 1454 nam
1081 1404 1190 1454 etiamsi
1213 1401 1417 1471 1111“11ρ.24

251 1487 308 1560 (καὶ
324 1483 372 1555 τὴν
389 1486 525 1557 βασιλείαν
548 1481 760 1557 1111111111.)
784 1492 811 1539 11
833 1490 862 1539 11
886 1488 940 1540 hoc
963 1491 1105 1541 enuntiato
1125 1489 1249 1542 Theseus
1274 1504 1362 1557 regno
1386 1504 1416 1540 11

252 1576 394 1628 abdicasse
421 1575 537 1644 dicitur,
565 1579 656 1627 tamen
683 1575 737 1627 hoc
769 1575 921 1627 secundum
953 1574 1134 1628 Aristotelem
1167 1576 1245 1644 iecit,
1280 1580 1311 1627 ut
1337 1575 1415 1643 vulgi

252 1662 443 1716 condicionem
479 1662 638 1715 sublevaret
673 1661 833 1729 (quomodo
870 1666 942 1714 recte
971 1665 1169 1731 interpretatur
1204 1661 1318 1716 Oucken
1347 1661 1366 1717 l.
1396 1664 1414 1716 l.

251 1766 279 1819 p.
302 1749 353 1802 416
376 1751 444 1819 sq),
480 1750 509 1800 iu
536 1764 594 1816 cap.
618 1747 652 1802 24
679 1752 772 1800 autem
794 1748 932 1801 nobilium
961 1751 1051 1818 gratia
1078 1743 1139 1817 (τὴν
1165 1749 1302 1820 βασιλείαν
1328 1743 1416 1816 ἀφείς,

253 1827 360 1902 ὥσπερ
383 1827 588 1902 ὡμολόγησε,
615 1837 782 1903 promiserat
804 1850 870 1887 vero
894 1834 965 1887 illud
988 1839 1044 1897 τοῖς
1073 1835 1216 1904 δυνατοῖς).
1258 1836 1308 1889 sed
1331 1839 1415 1889 etiam

252 1925 363 1976 initium
381 1924 477 1990 cepitis
496 1920 530 1974 25
547 1937 637 1989 usque
655 1922 690 1974 ad
707 1915 803 1988 πλήθει
821 1918 849 1973 δὲ
862 1923 1040 1989 Δημιουργῶν
1055 1916 1190 1992 ὑπερέχειν
1208 1916 1362 1992 δοκούντῳν
1379 1924 1414 1976 11)

254 2026 286 2063 11
300 2016 421 2078 auctore,
440 2009 484 2059 cui
496 2007 659 2060 Plutarchus
673 2013 755 2076 caput
766 2007 800 2061 24
812 2007 902 2076 debet,
914 2008 1095 2077 repetendum
1113 2025 1173 2062 esse
1185 2027 1248 2062 cum
1265 2011 1295 2062 id
1308 2011 1416 2079 probat,

254 2097 328 2164 quod
350 2109 401 2163 per
423 2098 512 2146 totum
535 2094 615 2145 illum
637 2094 730 2146 locum
753 2096 825 2146 iuste
850 2099 877 2146 et
899 2097 959 2146 sine
982 2095 1041 2147 ulia
1063 2097 1268 2148 intermissione
1295 2098 1416 2148 narratio

252 2181 386 2251 procedit,
409 2185 468 2232 tum
490 2180 528 2249 id,
552 2180 628 2249 quod
652 2197 667 2232 e
690 2183 857 2233 testimoniis
881 2183 974 2233 secuui
998 2185 1227 2252 repugnantibus,
1256 2199 1328 2252 quae
1351 2184 1415 2235 Plu·

253 2269 363 2322 tarchus
382 2267 533 2319 decadem
559 2283 598 2336 11,
624 2269 682 2320 1111.
702 2268 736 2319 de
759 2267 861 2321 Thesei
888 2269 1064 2321 abdicatione
1089 2271 1178 2338 regni,
1205 2271 1320 2338 profert,
1348 2270 1414 2320 alte·

252 2373 314 2407 rum
332 2369 388 2406 non
407 2355 538 2406 contiuuo
558 2354 674 2406 alterum
701 2354 893 2423 subsequitur,
921 2355 970 2406 sed
997 2355 1110 2408 demum
1135 2359 1200 2424 post
1226 2357 1413 2410 narrationem

253 2442 420 2510 synoecismi
448 2445 475 2492 et
501 2441 670 2508 reipublicae
697 2443 904 2493 constitutionis
932 2442 967 2494 ad
994 2443 1078 2494 finem
1103 2444 1263 2511 perductam
1292 2444 1414 2511 ponitur.

254 2535 383 2597 ceterum,
401 2526 478 2594 quod
496 2542 558 2577 curn
577 2524 719 2578 Onckenio
744 2531 897 2578 statuamus
920 2527 1099 2579 Plutarchum
1123 2529 1169 2580 vel
1193 2531 1251 2580 eius
1275 2533 1416 2579 auctorem

253 2615 411 2670 Aristotelis
430 2615 593 2666 sententiam
612 2629 669 2667 non
687 2618 759 2666 recte
778 2614 935 2684 tradidisse,
953 2617 1002 2666 vix
1021 2617 1087 2668 satis
1107 2631 1205 2668 causae
1225 2620 1274 2668 est.
1310 2631 1373 2666 1111
1393 2617 1416 2667 11

252 2707 325 2758 11111
348 2705 512 2770 argumenta
538 2716 589 2752 sua
605 2698 725 2778 ¹Oncken
750 2702 833 2752 etiam
860 2700 914 2752 hoc
937 2702 1028 2754 affert:
1055 2702 1139 2772 „Was
1163 2702 1328 2754 Aristoteles
1347 2702 1416 2753 iiber

253 2791 358 2860 Begriff
373 2788 431 2841 und
449 2787 624 2856 Entstehung
643 2788 691 2840 des
710 2787 898 2856 Kbuigthums
918 2793 988 2858 sagt,
1005 2789 1074 2842 111111
1087 2789 1321 2857 schlechterdings
1341 2789 1418 2840 nicht

253 2897 296 2948 zu,
314 2878 377 2930 dass
397 2892 426 2927 er
440 2877 472 2949 ju
493 2875 543 2926 der
562 2873 743 2943 Abdankung
764 2877 840 2927 eines
862 2875 1023 2927 verdienten
1042 2876 1210 2928 Monarchen
1232 2875 1413 2928 111111111-

252 2982 324 3034 rung
342 2964 390 3015 der
407 2961 529 3014 Freiheit
548 2961 665 3013 erblickt
682 2961 784 3014 habe“:
813 2964 875 3030 quis
902 2966 1018 3015 testatur
1041 2963 1180 3016 Theseum
1204 2965 1238 3016 ab
1263 2962 1415 3017 Aristotele

252 3067 347 3120 regern
365 3065 415 3117 per
431 3051 517 3100 totam
536 3048 622 3098 vitain
640 3046 675 3098 de
693 3049 806 3099 civitate
823 3049 896 3100 bene
922 3049 1051 3100 meritum
1078 3049 1251 3117 praedicari?
1279 3051 1322 3100 sin
1350 3063 1413 3100 eon-

253 3138 353 3191 tendit:
372 3135 459 3205 „Eine
477 3135 700 3203 gewaltsame
718 3133 948 3204 Unterbrechung
971 3134 1020 3186 der
1044 3135 1131 3187 durch
1149 3135 1274 3188 Theseus
1294 3140 1413 3204 gegn'in·

253 3224 335 3276 deten
353 3221 487 3274 attischen
505 3219 664 3272 Monarchie
687 3236 762 3272 muss
786 3221 853 3272 aber
876 3220 1041 3273 Aristoteles
1061 3228 1271 3290 vorausgesetzt
1293 3221 1416 3275 haben“:

254 3312 315 3379 quis
335 3311 360 3361 ei
378 3307 478 3375 credet,
496 3307 545 3359 ubi
564 3308 727 3376 cognoverit
744 3306 822 3358 illam
840 3308 1004 3360 sententiam
1023 3322 1078 3360 non
1102 3309 1157 3360 nisi
1181 3308 1235 3361 hoc
1253 3308 1413 3362 Aristotelis

253 3399 316 3450 loco
335 3395 426 3463 (polit.
449 3394 472 3445 V
493 3393 525 3448 10
547 3410 574 3461 p.
602 3392 686 3447 13lob
712 3392 747 3446 34
770 3396 843 3462 sqq.)
867 3395 931 3446 niti:
956 3384 1071 3456 ἅπαντες
1092 3388 1143 3462 γὰρ
1167 3389 1378 3463 εὐεργετήσαντες
1399 3385 1416 3462 ἢ

254 3475 397 3549 δυνάμενοι
414 3474 461 3543 τὰς
478 3474 566 3542 πόλεις
583 3471 599 3546 ἢ
617 3476 650 3532 τὰ
669 3475 738 3546 tum,
753 3473 895 3547 εὐεργετεῖν
913 3474 1055 3547 ἐτύγχανον
1072 3480 1117 3548 τῆς
1134 3481 1210 3548 τιμῆς
1227 3476 1325 3550 ταύτης
1343 3483 1413 3548 (1111.

253 3569 352 3640 regni),
371 3563 461 3634 οἱμὲν
477 3561 546 3618 κατὰ
564 3561 678 3633 πόλεμον
695 3560 857 3628 κωλύσαντες
876 3561 1018 3634 denudata,
1036 3557 1123 3634 ὥσπερ
1141 3561 1265 3636 Κόδροςῖ
1301 3571 1414 3622 omnino

253 3661 312 3710 tota
338 3656 389 3707 hac
416 3653 591 3722 paragrapho
620 3655 711 3722 operis
744 3655 787 3705 sui
820 3656 860 3722 (p.
886 3653 937 3707 413
952 3653 1063 3721 -418)
1096 3653 1223 3726 0111111,
1257 3672 1328 3725 quae
1355 3658 1415 3723 ipse

254 3745 289 3797 de
307 3743 417 3796 Theseo
437 3742 545 3808 sentiat,
564 3742 687 3809 exponit,
707 3740 754 3792 sed
768 3755 878 3809 semper
892 3741 1033 3794 contendit
1044 3741 1119 3793 idem
1130 3741 1311 3795 Aristotelem
1325 3742 1416 3796 dicere

255 3832 386 3884 debuisse
404 3832 432 3880 et
449 3843 547 3879 revera
565 3827 678 3880 dixisse.

324 3917 361 3983 ⁶¹)
397 3911 894 3985 1.’ς.Η111111(1.11111.01111113
918 3917 1002 3968 etiam
1024 3917 1054 3968 iu
1077 3915 1170 3968 verbis
1198 3917 1338 3985 conspirat
1354 3931 1417 3968 cum

255 4005 383 4059 uberiore
408 4002 515 4071 Ephori
543 4002 702 4054 narratione
729 3999 803 4068 apud
826 3999 916 4054 Strab.
939 4001 964 4054 X
992 4019 1019 4070 p.
1037 4001 1088 4057 482
1111 4017 1171 4071 sqq.
1195 4003 1239 4054 sin
1265 4001 1415 4055 Schneide-

255 4093 359 4144 winum
377 4090 458 4157 sequi
475 4089 563 4140 mavis
588 4091 743 4140 censentem
768 4087 868 4140 taliae
891 4089 1010 4141 fontium
1033 4091 1239 4158 communitate,
1263 4104 1334 4157 quos
1352 4087 1416 4140 Ari·

255 4177 367 4230 stoteles
394 4179 422 4226 et
446 4174 575 4243 Ephorus
603 4174 795 4243 adhibuerint,
828 4179 888 4227 orta
915 4190 988 4244 esse,
1021 4175 1227 4227 concedendum
1254 4177 1307 4226 erit
1333 4176 1416 4227 etiam

254 4264 304 4316 illo
322 4262 485 4314 Plutarcheo
513 4263 576 4314 loco
604 4266 743 4313 auctorem
771 4262 867 4330 capitis
886 4260 920 4313 24
947 4266 974 4313 11
1000 4264 1130 4330 principii
1157 4264 1253 4331 capitis
1272 4261 1305 4314 25
1334 4266 1364 4313 11
1386 4264 1416 4313 11

255 4365 314 4418 cap.
332 4348 366 4404 24
384 4347 546 4416 Thucydide
570 4348 682 4416 (1115),
707 4350 746 4399 111
768 4348 797 4399 11
821 4346 932 4417 11125
957 4347 1056 4400 eodem
1082 4350 1175 4401 nescio
1200 4363 1256 4418 quo
1281 4349 1416 4400 11111111

256 4438 389 4506 potuisse,
411 4449 494 4503 quem
511 4433 675 4486 Aristoteles
698 4436 881 4501 usurpaverit.
917 4434 1109 4501 Thucydidem
1128 4449 1194 4486 vero
1213 4451 1229 4487 a
1247 4434 1415 4486 Philochoro

257 4522 410 4576 adhibitum
430 4536 490 4574 esse
508 4525 622 4574 constat.
