<?xml version="1.0" encoding="UTF-8"?>
<!DOCTYPE html PUBLIC "-//W3C//DTD XHTML 1.0 Transitional//EN"
    "http://www.w3.org/TR/xhtml1/DTD/xhtml1-transitional.dtd">
<html xmlns="http://www.w3.org/1999/xhtml" xml:lang="en" lang="en">
 <head>
  <title>
</title>
<meta http-equiv="Content-Type" content="text/html;charset=utf-8" />
  <meta name='ocr-system' content='tesseract 3.04.00' />
  <meta name='ocr-capabilities' content='ocr_page ocr_carea ocr_par ocr_line ocrx_word'/>
</head>
<body>
  <div class='ocr_page' id='page_1' title='image "./deiuliipollucis00stojgoog_0103.png"; bbox 0 0 3180 5136; ppageno 0'>
   <div class='ocr_carea' id='block_1_1' title="bbox 775 357 1001 496">
    <p class='ocr_par' dir='ltr' id='par_1_1' title="bbox 775 357 1001 496">
     <span class='ocr_line' id='line_1_1' title="bbox 775 357 1001 496; baseline 0 -134"><span class='ocrx_word' id='word_1_1' title='bbox 775 395 927 496; x_wconf 38' lang='lat' dir='ltr'>A</span> <span class='ocrx_word' id='word_1_2' title='bbox 999 357 1001 362; x_wconf 78' lang='grc'><strong><em>,</em></strong></span> 
     </span>
    </p>
   </div>
   <div class='ocr_carea' id='block_1_2' title="bbox 234 603 1434 4611">
    <p class='ocr_par' dir='ltr' id='par_1_2' title="bbox 234 603 1434 2952">
     <span class='ocr_line' id='line_1_2' title="bbox 270 603 1430 690; baseline 0.002 -26"><span class='ocrx_word' id='word_1_3' title='bbox 270 604 408 665; x_wconf 90' lang='lat' dir='ltr'><strong>nianum</strong></span> <span class='ocrx_word' id='word_1_4' title='bbox 436 619 538 690; x_wconf 83' lang='lat' dir='ltr'>saepe</span> <span class='ocrx_word' id='word_1_5' title='bbox 566 606 624 665; x_wconf 89' lang='lat' dir='ltr'><strong>aut</strong></span> <span class='ocrx_word' id='word_1_6' title='bbox 651 603 761 684; x_wconf 90' lang='lat' dir='ltr'><strong>ipsum</strong></span> <span class='ocrx_word' id='word_1_7' title='bbox 784 607 842 666; x_wconf 91' lang='lat' dir='ltr'><strong>aut</strong></span> <span class='ocrx_word' id='word_1_8' title='bbox 863 621 924 684; x_wconf 90' lang='lat' dir='ltr'><strong>per</strong></span> <span class='ocrx_word' id='word_1_9' title='bbox 944 603 1032 666; x_wconf 83' lang='lat' dir='ltr'><strong>Aelii</strong></span> <span class='ocrx_word' id='word_1_10' title='bbox 1052 605 1209 685; x_wconf 82' lang='lat' dir='ltr'><strong>Dionysii</strong></span> <span class='ocrx_word' id='word_1_11' title='bbox 1230 606 1430 668; x_wconf 89' lang='lat' dir='ltr'><strong>Pausaniae·</strong></span> 
     </span>
     <span class='ocr_line' id='line_1_3' title="bbox 273 704 1432 789; baseline 0.003 -22"><span class='ocrx_word' id='word_1_12' title='bbox 273 723 339 787; x_wconf 90' lang='lat' dir='ltr'><strong>que</strong></span> <span class='ocrx_word' id='word_1_13' title='bbox 360 704 470 768; x_wconf 90' lang='lat' dir='ltr'><strong>lexica</strong></span> <span class='ocrx_word' id='word_1_14' title='bbox 493 705 715 786; x_wconf 76' lang='lat' dir='ltr'><strong>exscripsisse.</strong></span> <span class='ocrx_word' id='word_1_15' title='bbox 761 710 794 769; x_wconf 94' lang='lat' dir='ltr'><strong>et</strong></span> <span class='ocrx_word' id='word_1_16' title='bbox 815 706 891 769; x_wconf 91' lang='lat' dir='ltr'><strong>illos</strong></span> <span class='ocrx_word' id='word_1_17' title='bbox 913 707 1008 769; x_wconf 87' lang='lat' dir='ltr'><strong>locos</strong></span> <span class='ocrx_word' id='word_1_18' title='bbox 1031 711 1064 770; x_wconf 91' lang='lat' dir='ltr'><strong>et</strong></span> <span class='ocrx_word' id='word_1_19' title='bbox 1086 709 1147 770; x_wconf 90' lang='lat' dir='ltr'><strong>hos</strong></span> <span class='ocrx_word' id='word_1_20' title='bbox 1174 709 1243 770; x_wconf 90' lang='lat' dir='ltr'><strong>iam</strong></span> <span class='ocrx_word' id='word_1_21' title='bbox 1263 707 1432 789; x_wconf 90' lang='lat' dir='ltr'><strong>inpriore</strong></span> 
     </span>
     <span class='ocr_line' id='line_1_4' title="bbox 272 807 1431 892; baseline 0.002 -22"><span class='ocrx_word' id='word_1_22' title='bbox 272 810 381 890; x_wconf 88' lang='lat' dir='ltr'><strong>eapite</strong></span> <span class='ocrx_word' id='word_1_23' title='bbox 403 825 535 890; x_wconf 83' lang='lat' dir='ltr'><strong>semper</strong></span> <span class='ocrx_word' id='word_1_24' title='bbox 556 807 716 872; x_wconf 79' lang='lat' dir='ltr'><strong>adnotavi</strong></span> <span class='ocrx_word' id='word_1_25' title='bbox 739 813 772 872; x_wconf 89' lang='lat' dir='ltr'><strong>et</strong></span> <span class='ocrx_word' id='word_1_26' title='bbox 798 810 853 871; x_wconf 91' lang='lat' dir='ltr'><strong>hic</strong></span> <span class='ocrx_word' id='word_1_27' title='bbox 879 813 1032 891; x_wconf 86' lang='lat' dir='ltr'><strong>repetere</strong></span> <span class='ocrx_word' id='word_1_28' title='bbox 1059 808 1142 872; x_wconf 80' lang='lat' dir='ltr'><strong>nihil</strong></span> <span class='ocrx_word' id='word_1_29' title='bbox 1169 811 1297 892; x_wconf 88' lang='lat' dir='ltr'><strong>attinet,</strong></span> <span class='ocrx_word' id='word_1_30' title='bbox 1327 828 1431 892; x_wconf 89' lang='lat' dir='ltr'><strong>qnare</strong></span> 
     </span>
     <span class='ocr_line' id='line_1_5' title="bbox 271 901 1432 996; baseline 0 -22"><span class='ocrx_word' id='word_1_31' title='bbox 271 911 404 975; x_wconf 90' lang='lat' dir='ltr'><strong>brevius</strong></span> <span class='ocrx_word' id='word_1_32' title='bbox 432 929 502 974; x_wconf 92' lang='lat' dir='ltr'><strong>rem</strong></span> <span class='ocrx_word' id='word_1_33' title='bbox 533 929 704 992; x_wconf 86' lang='lat' dir='ltr'><strong>exponere</strong></span> <span class='ocrx_word' id='word_1_34' title='bbox 731 912 853 976; x_wconf 87' lang='lat' dir='ltr'><strong>licebit.</strong></span> <span class='ocrx_word' id='word_1_35' title='bbox 898 912 1005 975; x_wconf 88' lang='lat' dir='ltr'><strong>multa</strong></span> <span class='ocrx_word' id='word_1_36' title='bbox 1037 901 1159 996; x_wconf 86' lang='lat' dir='ltr'><strong>autern,</strong></span> <span class='ocrx_word' id='word_1_37' title='bbox 1194 931 1282 995; x_wconf 90' lang='lat' dir='ltr'><strong>quae</strong></span> <span class='ocrx_word' id='word_1_38' title='bbox 1309 913 1432 975; x_wconf 85' lang='lat' dir='ltr'><strong>Pollux</strong></span> 
     </span>
     <span class='ocr_line' id='line_1_6' title="bbox 272 1014 1433 1100; baseline 0.001 -23"><span class='ocrx_word' id='word_1_39' title='bbox 272 1014 433 1096; x_wconf 88' lang='lat' dir='ltr'><strong>explicat,</strong></span> <span class='ocrx_word' id='word_1_40' title='bbox 465 1014 500 1075; x_wconf 89' lang='lat' dir='ltr'><strong>in</strong></span> <span class='ocrx_word' id='word_1_41' title='bbox 537 1018 607 1076; x_wconf 93' lang='lat' dir='ltr'><strong>toto</strong></span> <span class='ocrx_word' id='word_1_42' title='bbox 632 1014 857 1094; x_wconf 82' lang='lat' dir='ltr'><strong>Hesychiano</strong></span> <span class='ocrx_word' id='word_1_43' title='bbox 895 1015 1005 1080; x_wconf 83' lang='lat' dir='ltr'><strong>lexico</strong></span> <span class='ocrx_word' id='word_1_44' title='bbox 1042 1017 1164 1100; x_wconf 85' lang='lat' dir='ltr'><strong>frustra</strong></span> <span class='ocrx_word' id='word_1_45' title='bbox 1200 1034 1351 1098; x_wconf 79' lang='lat' dir='ltr'><strong>quaeres,</strong></span> <span class='ocrx_word' id='word_1_46' title='bbox 1387 1033 1433 1078; x_wconf 92' lang='lat' dir='ltr'><strong>ue</strong></span> 
     </span>
     <span class='ocr_line' id='line_1_7' title="bbox 270 1116 1432 1200; baseline 0 -20"><span class='ocrx_word' id='word_1_47' title='bbox 270 1119 408 1180; x_wconf 90' lang='lat' dir='ltr'><strong>minima</strong></span> <span class='ocrx_word' id='word_1_48' title='bbox 430 1116 566 1199; x_wconf 90' lang='lat' dir='ltr'><strong>quidem</strong></span> <span class='ocrx_word' id='word_1_49' title='bbox 587 1117 729 1199; x_wconf 89' lang='lat' dir='ltr'><strong>vestigia</strong></span> <span class='ocrx_word' id='word_1_50' title='bbox 749 1123 936 1200; x_wconf 84' lang='lat' dir='ltr'><strong>supersunt.</strong></span> <span class='ocrx_word' id='word_1_51' title='bbox 969 1118 1041 1182; x_wconf 67' lang='lat' dir='ltr'><strong>,sed</strong></span> <span class='ocrx_word' id='word_1_52' title='bbox 1059 1121 1112 1182; x_wconf 90' lang='lat' dir='ltr'><strong>eui</strong></span> <span class='ocrx_word' id='word_1_53' title='bbox 1126 1120 1191 1182; x_wconf 91' lang='lat' dir='ltr'><strong>hoc</strong></span> <span class='ocrx_word' id='word_1_54' title='bbox 1206 1120 1327 1182; x_wconf 88' lang='lat' dir='ltr'><strong>mirum</strong></span> <span class='ocrx_word' id='word_1_55' title='bbox 1341 1117 1432 1182; x_wconf 84' lang='lat' dir='ltr'><strong>vide·</strong></span> 
     </span>
     <span class='ocr_line' id='line_1_8' title="bbox 270 1220 1433 1304; baseline -0.001 -19"><span class='ocrx_word' id='word_1_56' title='bbox 270 1221 369 1303; x_wconf 87' lang='lat' dir='ltr'><strong>bitur,</strong></span> <span class='ocrx_word' id='word_1_57' title='bbox 387 1221 426 1284; x_wconf 56' lang='lat' dir='ltr'><strong>&#39;si</strong></span> <span class='ocrx_word' id='word_1_58' title='bbox 454 1220 555 1282; x_wconf 88' lang='lat' dir='ltr'><strong>etiam</strong></span> <span class='ocrx_word' id='word_1_59' title='bbox 582 1221 718 1302; x_wconf 88' lang='lat' dir='ltr'><strong>inipso</strong></span> <span class='ocrx_word' id='word_1_60' title='bbox 748 1239 815 1284; x_wconf 91' lang='lat' dir='ltr'><strong>uno</strong></span> <span class='ocrx_word' id='word_1_61' title='bbox 845 1220 972 1303; x_wconf 86' lang='lat' dir='ltr'><strong>codiee,</strong></span> <span class='ocrx_word' id='word_1_62' title='bbox 1001 1224 1058 1304; x_wconf 91' lang='lat' dir='ltr'><strong>qui</strong></span> <span class='ocrx_word' id='word_1_63' title='bbox 1080 1221 1190 1285; x_wconf 89' lang='lat' dir='ltr'><strong>adhuc</strong></span> <span class='ocrx_word' id='word_1_64' title='bbox 1213 1226 1331 1304; x_wconf 88' lang='lat' dir='ltr'><strong>exstat,</strong></span> <span class='ocrx_word' id='word_1_65' title='bbox 1359 1240 1433 1304; x_wconf 92' lang='lat' dir='ltr'><strong>per-</strong></span> 
     </span>
     <span class='ocr_line' id='line_1_9' title="bbox 271 1309 1434 1409; baseline 0.002 -23"><span class='ocrx_word' id='word_1_66' title='bbox 271 1341 374 1406; x_wconf 86' lang='lat' dir='ltr'><strong>saepe</strong></span> <span class='ocrx_word' id='word_1_67' title='bbox 397 1323 479 1386; x_wconf 88' lang='lat' dir='ltr'><strong>duas</strong></span> <span class='ocrx_word' id='word_1_68' title='bbox 502 1309 630 1405; x_wconf 81' lang='lat' dir='ltr'><strong>glossas</strong></span> <span class='ocrx_word' id='word_1_69' title='bbox 657 1325 692 1386; x_wconf 90' lang='lat' dir='ltr'><strong>in</strong></span> <span class='ocrx_word' id='word_1_70' title='bbox 721 1343 823 1386; x_wconf 90' lang='lat' dir='ltr'><strong>unam</strong></span> <span class='ocrx_word' id='word_1_71' title='bbox 853 1325 1027 1406; x_wconf 79' lang='lat' dir='ltr'><strong>coaluisse,</strong></span> <span class='ocrx_word' id='word_1_72' title='bbox 1055 1343 1219 1409; x_wconf 88' lang='lat' dir='ltr'><strong>persaepe</strong></span> <span class='ocrx_word' id='word_1_73' title='bbox 1247 1326 1434 1408; x_wconf 90' lang='lat' dir='ltr'><strong>glossarum</strong></span> 
     </span>
     <span class='ocr_line' id='line_1_10' title="bbox 270 1427 1432 1511; baseline 0.001 -22"><span class='ocrx_word' id='word_1_74' title='bbox 270 1427 438 1508; x_wconf 90' lang='lat' dir='ltr'><strong>lemmata,</strong></span> <span class='ocrx_word' id='word_1_75' title='bbox 466 1443 629 1508; x_wconf 87' lang='lat' dir='ltr'><strong>persaepe</strong></span> <span class='ocrx_word' id='word_1_76' title='bbox 656 1427 853 1490; x_wconf 89' lang='lat' dir='ltr'><strong>lemmatum</strong></span> <span class='ocrx_word' id='word_1_77' title='bbox 883 1427 1124 1509; x_wconf 80' lang='lat' dir='ltr'><strong>explicationes</strong></span> <span class='ocrx_word' id='word_1_78' title='bbox 1151 1429 1290 1511; x_wconf 88' lang='lat' dir='ltr'><strong>periisse</strong></span> <span class='ocrx_word' id='word_1_79' title='bbox 1318 1430 1432 1492; x_wconf 88' lang='grc'><strong>111111-</strong></span> 
     </span>
     <span class='ocr_line' id='line_1_11' title="bbox 271 1530 1431 1613; baseline 0 -21"><span class='ocrx_word' id='word_1_80' title='bbox 271 1548 361 1592; x_wconf 87' lang='lat' dir='ltr'><strong>nunc</strong></span> <span class='ocrx_word' id='word_1_81' title='bbox 383 1530 564 1593; x_wconf 88' lang='lat' dir='ltr'><strong>observare</strong></span> <span class='ocrx_word' id='word_1_82' title='bbox 585 1533 787 1612; x_wconf 86' lang='lat' dir='ltr'><strong>possumus?</strong></span> <span class='ocrx_word' id='word_1_83' title='bbox 832 1531 952 1613; x_wconf 81' lang='lat' dir='ltr'><strong>eltinge</strong></span> <span class='ocrx_word' id='word_1_84' title='bbox 974 1531 1035 1595; x_wconf 90' lang='lat' dir='ltr'><strong>tihi</strong></span> <span class='ocrx_word' id='word_1_85' title='bbox 1057 1533 1169 1595; x_wconf 88' lang='lat' dir='ltr'><strong>animo</strong></span> <span class='ocrx_word' id='word_1_86' title='bbox 1192 1531 1271 1595; x_wconf 91' lang='lat' dir='ltr'><strong>inde</strong></span> <span class='ocrx_word' id='word_1_87' title='bbox 1294 1549 1314 1593; x_wconf 92' lang='lat' dir='ltr'><strong>a</strong></span> <span class='ocrx_word' id='word_1_88' title='bbox 1336 1533 1431 1594; x_wconf 89' lang='lat' dir='ltr'><strong>Pam-</strong></span> 
     </span>
     <span class='ocr_line' id='line_1_12' title="bbox 270 1632 1433 1717; baseline 0 -22"><span class='ocrx_word' id='word_1_89' title='bbox 270 1633 362 1715; x_wconf 90' lang='lat' dir='ltr'><strong>philo</strong></span> <span class='ocrx_word' id='word_1_90' title='bbox 395 1650 504 1714; x_wconf 90' lang='lat' dir='ltr'><strong>usque</strong></span> <span class='ocrx_word' id='word_1_91' title='bbox 536 1632 579 1695; x_wconf 90' lang='lat' dir='ltr'><strong>ad</strong></span> <span class='ocrx_word' id='word_1_92' title='bbox 611 1632 817 1713; x_wconf 85' lang='lat' dir='ltr'><strong>Hesychium</strong></span> <span class='ocrx_word' id='word_1_93' title='bbox 852 1635 1105 1716; x_wconf 88' lang='lat' dir='ltr'><strong>excerpentium</strong></span> <span class='ocrx_word' id='word_1_94' title='bbox 1128 1637 1273 1717; x_wconf 85' lang='lat' dir='ltr'><strong>seriem,</strong></span> <span class='ocrx_word' id='word_1_95' title='bbox 1312 1635 1433 1716; x_wconf 88' lang='lat' dir='ltr'><strong>effinge</strong></span> 
     </span>
     <span class='ocr_line' id='line_1_13' title="bbox 270 1734 1432 1822; baseline 0.004 -25"><span class='ocrx_word' id='word_1_96' title='bbox 270 1736 407 1817; x_wconf 88' lang='lat' dir='ltr'><strong>longam</strong></span> <span class='ocrx_word' id='word_1_97' title='bbox 428 1734 639 1798; x_wconf 90' lang='lat' dir='ltr'><strong>librariorum</strong></span> <span class='ocrx_word' id='word_1_98' title='bbox 663 1739 731 1798; x_wconf 89' lang='lat' dir='ltr'><strong>tarn</strong></span> <span class='ocrx_word' id='word_1_99' title='bbox 759 1736 857 1799; x_wconf 82' lang='lat' dir='ltr'><strong>facile</strong></span> <span class='ocrx_word' id='word_1_100' title='bbox 884 1737 919 1799; x_wconf 91' lang='lat' dir='ltr'><strong>iu</strong></span> <span class='ocrx_word' id='word_1_101' title='bbox 945 1737 1030 1800; x_wconf 87' lang='lat' dir='ltr'><strong>libro</strong></span> <span class='ocrx_word' id='word_1_102' title='bbox 1058 1738 1261 1822; x_wconf 89' lang='lat' dir='ltr'><strong>labentium,</strong></span> <span class='ocrx_word' id='word_1_103' title='bbox 1294 1739 1330 1802; x_wconf 92' lang='lat' dir='ltr'><strong>in</strong></span> <span class='ocrx_word' id='word_1_104' title='bbox 1365 1755 1432 1820; x_wconf 89' lang='lat' dir='ltr'><strong>quo</strong></span> 
     </span>
     <span class='ocr_line' id='line_1_14' title="bbox 270 1829 1434 1924; baseline 0.001 -22"><span class='ocrx_word' id='word_1_105' title='bbox 270 1838 527 1902; x_wconf 87' lang='lat' dir='ltr'><strong>innumerabilia</strong></span> <span class='ocrx_word' id='word_1_106' title='bbox 547 1839 716 1902; x_wconf 86' lang='lat' dir='ltr'><strong>vocabula</strong></span> <span class='ocrx_word' id='word_1_107' title='bbox 736 1843 813 1920; x_wconf 91' lang='lat' dir='ltr'><strong>post</strong></span> <span class='ocrx_word' id='word_1_108' title='bbox 835 1839 938 1903; x_wconf 90' lang='lat' dir='ltr'><strong>breve</strong></span> <span class='ocrx_word' id='word_1_109' title='bbox 967 1843 1111 1923; x_wconf 90' lang='lat' dir='ltr'><strong>spatium</strong></span> <span class='ocrx_word' id='word_1_110' title='bbox 1134 1829 1212 1905; x_wconf 87' lang='lat' dir='ltr'><strong>sese</strong></span> <span class='ocrx_word' id='word_1_111' title='bbox 1232 1842 1434 1924; x_wconf 81' lang='lat' dir='ltr'><strong>excipientis</strong></span> 
     </span>
     <span class='ocr_line' id='line_1_15' title="bbox 272 1941 1434 2028; baseline 0.003 -24"><span class='ocrx_word' id='word_1_112' title='bbox 272 1943 313 2004; x_wconf 92' lang='lat' dir='ltr'><strong>ab</strong></span> <span class='ocrx_word' id='word_1_113' title='bbox 336 1941 456 2004; x_wconf 89' lang='lat' dir='ltr'><strong>iisdem</strong></span> <span class='ocrx_word' id='word_1_114' title='bbox 478 1941 596 2021; x_wconf 85' lang='lat' dir='ltr'><strong>litteris</strong></span> <span class='ocrx_word' id='word_1_115' title='bbox 618 1943 790 2024; x_wconf 89' lang='lat' dir='ltr'><strong>incipiunt.</strong></span> <span class='ocrx_word' id='word_1_116' title='bbox 835 1945 900 2006; x_wconf 91' lang='grc'><strong>1101</strong></span> <span class='ocrx_word' id='word_1_117' title='bbox 922 1944 1059 2008; x_wconf 89' lang='lat' dir='ltr'><strong>tandem</strong></span> <span class='ocrx_word' id='word_1_118' title='bbox 1080 1945 1261 2028; x_wconf 90' lang='lat' dir='ltr'><strong>aliquando</strong></span> <span class='ocrx_word' id='word_1_119' title='bbox 1283 1945 1342 2027; x_wconf 90' lang='lat' dir='ltr'><strong>illi,</strong></span> <span class='ocrx_word' id='word_1_120' title='bbox 1377 1945 1434 2027; x_wconf 91' lang='lat' dir='ltr'><strong>qui</strong></span> 
     </span>
     <span class='ocr_line' id='line_1_16' title="bbox 270 2044 1432 2131; baseline 0.005 -25"><span class='ocrx_word' id='word_1_121' title='bbox 270 2044 476 2124; x_wconf 85' lang='lat' dir='ltr'><strong>Hesychium</strong></span> <span class='ocrx_word' id='word_1_122' title='bbox 497 2062 566 2109; x_wconf 91' lang='lat' dir='ltr'><strong>non</strong></span> <span class='ocrx_word' id='word_1_123' title='bbox 585 2045 797 2126; x_wconf 87' lang='lat' dir='ltr'><strong>aPamphilo</strong></span> <span class='ocrx_word' id='word_1_124' title='bbox 813 2065 968 2109; x_wconf 91' lang='lat' dir='ltr'><strong>manasse</strong></span> <span class='ocrx_word' id='word_1_125' title='bbox 984 2049 1158 2131; x_wconf 84' lang='lat' dir='ltr'><strong>affirmant,</strong></span> <span class='ocrx_word' id='word_1_126' title='bbox 1183 2048 1344 2112; x_wconf 88' lang='lat' dir='ltr'><strong>desistant</strong></span> <span class='ocrx_word' id='word_1_127' title='bbox 1357 2065 1432 2129; x_wconf 89' lang='lat' dir='ltr'><strong>pro·</strong></span> 
     </span>
     <span class='ocr_line' id='line_1_17' title="bbox 270 2141 1431 2233; baseline 0.003 -24"><span class='ocrx_word' id='word_1_128' title='bbox 270 2149 371 2209; x_wconf 86' lang='lat' dir='ltr'><strong>ferre:</strong></span> <span class='ocrx_word' id='word_1_129' title='bbox 389 2146 495 2208; x_wconf 90' lang='lat' dir='ltr'><strong>multa</strong></span> <span class='ocrx_word' id='word_1_130' title='bbox 505 2147 738 2228; x_wconf 86' lang='lat' dir='ltr'><strong>Diogenianea</strong></span> <span class='ocrx_word' id='word_1_131' title='bbox 754 2147 856 2210; x_wconf 90' lang='lat' dir='ltr'><strong>hodie</strong></span> <span class='ocrx_word' id='word_1_132' title='bbox 874 2166 943 2212; x_wconf 90' lang='lat' dir='ltr'><strong>non</strong></span> <span class='ocrx_word' id='word_1_133' title='bbox 960 2141 1099 2232; x_wconf 87' lang='lat' dir='ltr'><strong>reperiri</strong></span> <span class='ocrx_word' id='word_1_134' title='bbox 1115 2151 1205 2233; x_wconf 92' lang='lat' dir='ltr'><strong>apud</strong></span> <span class='ocrx_word' id='word_1_135' title='bbox 1215 2151 1431 2232; x_wconf 86' lang='lat' dir='ltr'><strong>Hesychium.</strong></span> 
     </span>
     <span class='ocr_line' id='line_1_18' title="bbox 270 2249 1434 2334; baseline 0.002 -20"><span class='ocrx_word' id='word_1_136' title='bbox 270 2268 393 2332; x_wconf 90' lang='lat' dir='ltr'><strong>nempe</strong></span> <span class='ocrx_word' id='word_1_137' title='bbox 414 2249 631 2312; x_wconf 86' lang='lat' dir='ltr'><strong>vanissimum</strong></span> <span class='ocrx_word' id='word_1_138' title='bbox 657 2249 747 2313; x_wconf 90' lang='lat' dir='ltr'><strong>istud</strong></span> <span class='ocrx_word' id='word_1_139' title='bbox 774 2255 826 2314; x_wconf 91' lang='lat' dir='ltr'><strong>est</strong></span> <span class='ocrx_word' id='word_1_140' title='bbox 848 2257 1090 2334; x_wconf 83' lang='lat' dir='ltr'><strong>argumentum.</strong></span> <span class='ocrx_word' id='word_1_141' title='bbox 1134 2254 1216 2317; x_wconf 90' lang='lat' dir='ltr'><strong>nihil</strong></span> <span class='ocrx_word' id='word_1_142' title='bbox 1238 2255 1434 2318; x_wconf 88' lang='lat' dir='ltr'><strong>mirabimur</strong></span> 
     </span>
     <span class='ocr_line' id='line_1_19' title="bbox 272 2349 1433 2440; baseline 0.004 -24"><span class='ocrx_word' id='word_1_143' title='bbox 272 2355 355 2416; x_wconf 90' lang='lat' dir='ltr'><strong>tales</strong></span> <span class='ocrx_word' id='word_1_144' title='bbox 370 2353 475 2434; x_wconf 88' lang='lat' dir='ltr'><strong>locos,</strong></span> <span class='ocrx_word' id='word_1_145' title='bbox 498 2355 565 2428; x_wconf 81' lang='lat' dir='ltr'><strong>ut§</strong></span> <span class='ocrx_word' id='word_1_146' title='bbox 585 2349 644 2413; x_wconf 88' lang='grc'><strong>114</strong></span> <span class='ocrx_word' id='word_1_147' title='bbox 660 2370 720 2435; x_wconf 75' lang='lat' dir='ltr'><strong>sq,</strong></span> <span class='ocrx_word' id='word_1_148' title='bbox 743 2353 771 2415; x_wconf 91' lang='lat' dir='ltr'><strong>si</strong></span> <span class='ocrx_word' id='word_1_149' title='bbox 785 2355 1008 2438; x_wconf 78' lang='lat' dir='ltr'><strong>magistratus,</strong></span> <span class='ocrx_word' id='word_1_150' title='bbox 1027 2351 1433 2440; x_wconf 74' lang='grc' dir='ltr'><strong>1η111111ηρ1σιῶν101111111</strong></span> 
     </span>
     <span class='ocr_line' id='line_1_20' title="bbox 272 2454 1432 2539; baseline 0.004 -19"><span class='ocrx_word' id='word_1_151' title='bbox 272 2454 608 2538; x_wconf 86' lang='lat' dir='ltr'><strong>comprehenduntur,</strong></span> <span class='ocrx_word' id='word_1_152' title='bbox 639 2473 748 2537; x_wconf 91' lang='lat' dir='ltr'><strong>paene</strong></span> <span class='ocrx_word' id='word_1_153' title='bbox 771 2473 888 2520; x_wconf 89' lang='lat' dir='ltr'><strong>omnes</strong></span> <span class='ocrx_word' id='word_1_154' title='bbox 912 2458 1002 2539; x_wconf 93' lang='lat' dir='ltr'><strong>apud</strong></span> <span class='ocrx_word' id='word_1_155' title='bbox 1023 2459 1229 2539; x_wconf 87' lang='lat' dir='ltr'><strong>Hesychium</strong></span> <span class='ocrx_word' id='word_1_156' title='bbox 1250 2478 1320 2524; x_wconf 90' lang='grc'><strong>101</strong></span> <span class='ocrx_word' id='word_1_157' title='bbox 1344 2463 1432 2524; x_wconf 87' lang='lat' dir='ltr'><strong>eom·</strong></span> 
     </span>
     <span class='ocr_line' id='line_1_21' title="bbox 270 2557 1432 2645; baseline 0.003 -22"><span class='ocrx_word' id='word_1_158' title='bbox 270 2559 448 2623; x_wconf 85' lang='lat' dir='ltr'><strong>memorari</strong></span> <span class='ocrx_word' id='word_1_159' title='bbox 469 2557 631 2620; x_wconf 87' lang='lat' dir='ltr'><strong>videmus.</strong></span> <span class='ocrx_word' id='word_1_160' title='bbox 663 2559 724 2622; x_wconf 93' lang='lat' dir='ltr'><strong>hos</strong></span> <span class='ocrx_word' id='word_1_161' title='bbox 748 2561 846 2643; x_wconf 90' lang='lat' dir='ltr'><strong>enim,</strong></span> <span class='ocrx_word' id='word_1_162' title='bbox 869 2565 907 2624; x_wconf 92' lang='grc'><strong>11</strong></span> <span class='ocrx_word' id='word_1_163' title='bbox 928 2580 1030 2644; x_wconf 87' lang='lat' dir='ltr'><strong>supra</strong></span> <span class='ocrx_word' id='word_1_164' title='bbox 1047 2560 1203 2645; x_wconf 86' lang='lat' dir='ltr'><strong>indicavi,</strong></span> <span class='ocrx_word' id='word_1_165' title='bbox 1225 2581 1295 2626; x_wconf 91' lang='lat' dir='ltr'><strong>non</strong></span> <span class='ocrx_word' id='word_1_166' title='bbox 1309 2564 1432 2627; x_wconf 86' lang='lat' dir='ltr'><strong>Pollux</strong></span> 
     </span>
     <span class='ocr_line' id='line_1_22' title="bbox 269 2661 1431 2749; baseline 0.003 -23"><span class='ocrx_word' id='word_1_167' title='bbox 269 2665 341 2745; x_wconf 90' lang='lat' dir='ltr'><strong>ipse</strong></span> <span class='ocrx_word' id='word_1_168' title='bbox 364 2661 574 2743; x_wconf 87' lang='lat' dir='ltr'><strong>conquisivit,</strong></span> <span class='ocrx_word' id='word_1_169' title='bbox 604 2661 663 2725; x_wconf 89' lang='lat' dir='ltr'><strong>sed</strong></span> <span class='ocrx_word' id='word_1_170' title='bbox 685 2664 720 2725; x_wconf 93' lang='lat' dir='ltr'><strong>in</strong></span> <span class='ocrx_word' id='word_1_171' title='bbox 741 2683 810 2726; x_wconf 89' lang='lat' dir='ltr'><strong>una</strong></span> <span class='ocrx_word' id='word_1_172' title='bbox 831 2665 998 2746; x_wconf 89' lang='lat' dir='ltr'><strong>Pamphili</strong></span> <span class='ocrx_word' id='word_1_173' title='bbox 1019 2665 1132 2747; x_wconf 83' lang='lat' dir='ltr'><strong>glossa</strong></span> <span class='ocrx_word' id='word_1_174' title='bbox 1152 2670 1308 2749; x_wconf 89' lang='lat' dir='ltr'><strong>repperit,</strong></span> <span class='ocrx_word' id='word_1_175' title='bbox 1339 2669 1431 2730; x_wconf 90' lang='lat' dir='ltr'><strong>euius</strong></span> 
     </span>
     <span class='ocr_line' id='line_1_23' title="bbox 234 2767 1428 2851; baseline 0.003 -23"><span class='ocrx_word' id='word_1_176' title='bbox 234 2787 236 2793; x_wconf 52' lang='lat'><strong><em>⁴</em></strong></span> <span class='ocrx_word' id='word_1_177' title='bbox 269 2767 407 2828; x_wconf 81' lang='lat' dir='ltr'><strong>forsitan</strong></span> <span class='ocrx_word' id='word_1_178' title='bbox 428 2783 518 2826; x_wconf 91' lang='lat' dir='ltr'><strong>nunc</strong></span> <span class='ocrx_word' id='word_1_179' title='bbox 542 2783 677 2847; x_wconf 90' lang='lat' dir='ltr'><strong>quoque</strong></span> <span class='ocrx_word' id='word_1_180' title='bbox 699 2769 827 2828; x_wconf 86' lang='lat' dir='ltr'><strong>restant</strong></span> <span class='ocrx_word' id='word_1_181' title='bbox 848 2768 1011 2849; x_wconf 90' lang='lat' dir='ltr'><strong>reliquiae</strong></span> <span class='ocrx_word' id='word_1_182' title='bbox 1030 2769 1065 2830; x_wconf 91' lang='lat' dir='ltr'><strong>in</strong></span> <span class='ocrx_word' id='word_1_183' title='bbox 1086 2769 1299 2849; x_wconf 87' lang='lat' dir='ltr'><strong>Hesychiana</strong></span> <span class='ocrx_word' id='word_1_184' title='bbox 1321 2771 1428 2851; x_wconf 89' lang='lat' dir='ltr'><strong>glossa</strong></span> 
     </span>
     <span class='ocr_line' id='line_1_24' title="bbox 267 2866 587 2952; baseline -0.009 -20"><span class='ocrx_word' id='word_1_185' title='bbox 267 2871 440 2952; x_wconf 77' lang='grc' dir='ltr'><strong><em>ὑπηρέτηςι</em></strong></span> <span class='ocrx_word' id='word_1_186' title='bbox 464 2866 587 2942; x_wconf 77' lang='grc' dir='ltr'><strong><em>δοῦλος.</em></strong></span> 
     </span>
    </p>

    <p class='ocr_par' dir='ltr' id='par_1_3' title="bbox 267 2967 1430 4611">
     <span class='ocr_line' id='line_1_25' title="bbox 356 2967 1430 3066; baseline 0.003 -23"><span class='ocrx_word' id='word_1_187' title='bbox 356 2969 496 3044; x_wconf 80' lang='lat' dir='ltr'><strong>Constat</strong></span> <span class='ocrx_word' id='word_1_188' title='bbox 519 2981 607 3049; x_wconf 87' lang='lat' dir='ltr'><strong>enirn</strong></span> <span class='ocrx_word' id='word_1_189' title='bbox 629 2981 835 3062; x_wconf 89' lang='lat' dir='ltr'><strong>Hesychium</strong></span> <span class='ocrx_word' id='word_1_190' title='bbox 858 2967 1052 3065; x_wconf 89' lang='lat' dir='ltr'><strong>saepissime</strong></span> <span class='ocrx_word' id='word_1_191' title='bbox 1077 2983 1246 3066; x_wconf 89' lang='lat' dir='ltr'><strong>longiores</strong></span> <span class='ocrx_word' id='word_1_192' title='bbox 1269 3003 1430 3066; x_wconf 87' lang='lat' dir='ltr'><strong>gramma-</strong></span> 
     </span>
     <span class='ocr_line' id='line_1_26' title="bbox 271 3083 1429 3171; baseline 0.002 -23"><span class='ocrx_word' id='word_1_193' title='bbox 271 3087 412 3148; x_wconf 89' lang='lat' dir='ltr'><strong>ticorum</strong></span> <span class='ocrx_word' id='word_1_194' title='bbox 433 3083 527 3146; x_wconf 88' lang='lat' dir='ltr'><strong>loeos</strong></span> <span class='ocrx_word' id='word_1_195' title='bbox 549 3085 842 3148; x_wconf 84' lang='lat' dir='ltr'><strong>vehementissime</strong></span> <span class='ocrx_word' id='word_1_196' title='bbox 866 3090 1055 3149; x_wconf 85' lang='lat' dir='ltr'><strong>contractos</strong></span> <span class='ocrx_word' id='word_1_197' title='bbox 1069 3087 1126 3149; x_wconf 88' lang='lat' dir='ltr'><strong>vel</strong></span> <span class='ocrx_word' id='word_1_198' title='bbox 1147 3087 1316 3150; x_wconf 86' lang='lat' dir='ltr'><strong>mutilatos</strong></span> <span class='ocrx_word' id='word_1_199' title='bbox 1336 3105 1429 3171; x_wconf 89' lang='lat' dir='ltr'><strong>prae-</strong></span> 
     </span>
     <span class='ocr_line' id='line_1_27' title="bbox 270 3187 1430 3271; baseline -0.002 -17"><span class='ocrx_word' id='word_1_200' title='bbox 270 3190 360 3254; x_wconf 91' lang='lat' dir='ltr'><strong>bere.</strong></span> <span class='ocrx_word' id='word_1_201' title='bbox 389 3188 454 3249; x_wconf 92' lang='lat' dir='ltr'><strong>hoc</strong></span> <span class='ocrx_word' id='word_1_202' title='bbox 476 3204 520 3249; x_wconf 90' lang='lat' dir='ltr'><strong>ne</strong></span> <span class='ocrx_word' id='word_1_203' title='bbox 540 3187 565 3250; x_wconf 91' lang='lat' dir='ltr'><strong>ii</strong></span> <span class='ocrx_word' id='word_1_204' title='bbox 588 3187 724 3271; x_wconf 89' lang='lat' dir='ltr'><strong>quidem</strong></span> <span class='ocrx_word' id='word_1_205' title='bbox 745 3206 871 3270; x_wconf 92' lang='lat' dir='ltr'><strong>negare</strong></span> <span class='ocrx_word' id='word_1_206' title='bbox 893 3192 1043 3271; x_wconf 89' lang='lat' dir='ltr'><strong>possunt,</strong></span> <span class='ocrx_word' id='word_1_207' title='bbox 1068 3189 1125 3270; x_wconf 92' lang='lat' dir='ltr'><strong>qui</strong></span> <span class='ocrx_word' id='word_1_208' title='bbox 1141 3189 1346 3270; x_wconf 85' lang='lat' dir='ltr'><strong>Hesychium</strong></span> <span class='ocrx_word' id='word_1_209' title='bbox 1361 3209 1430 3254; x_wconf 91' lang='lat' dir='ltr'><strong>non</strong></span> 
     </span>
     <span class='ocr_line' id='line_1_28' title="bbox 271 3290 1430 3376; baseline 0.001 -20"><span class='ocrx_word' id='word_1_210' title='bbox 271 3311 313 3356; x_wconf 91' lang='lat' dir='ltr'><strong>ex</strong></span> <span class='ocrx_word' id='word_1_211' title='bbox 334 3290 509 3372; x_wconf 91' lang='lat' dir='ltr'><strong>Pamphilo</strong></span> <span class='ocrx_word' id='word_1_212' title='bbox 533 3291 696 3372; x_wconf 89' lang='lat' dir='ltr'><strong>originem</strong></span> <span class='ocrx_word' id='word_1_213' title='bbox 720 3290 856 3354; x_wconf 89' lang='lat' dir='ltr'><strong>duxisse</strong></span> <span class='ocrx_word' id='word_1_214' title='bbox 880 3291 1096 3354; x_wconf 87' lang='lat' dir='ltr'><strong>contendunt.</strong></span> <span class='ocrx_word' id='word_1_215' title='bbox 1133 3296 1235 3375; x_wconf 88' lang='lat' dir='ltr'><strong>atque</strong></span> <span class='ocrx_word' id='word_1_216' title='bbox 1250 3294 1314 3356; x_wconf 91' lang='lat' dir='ltr'><strong>hoc</strong></span> <span class='ocrx_word' id='word_1_217' title='bbox 1330 3313 1430 3376; x_wconf 59' lang='lat' dir='ltr'><strong>appa*</strong></span> 
     </span>
     <span class='ocr_line' id='line_1_29' title="bbox 269 3393 1430 3479; baseline 0.002 -21"><span class='ocrx_word' id='word_1_218' title='bbox 269 3400 320 3459; x_wconf 88' lang='lat' dir='ltr'><strong>ret</strong></span> <span class='ocrx_word' id='word_1_219' title='bbox 347 3413 415 3458; x_wconf 91' lang='lat' dir='ltr'><strong>non</strong></span> <span class='ocrx_word' id='word_1_220' title='bbox 444 3393 553 3456; x_wconf 90' lang='lat' dir='ltr'><strong>solum</strong></span> <span class='ocrx_word' id='word_1_221' title='bbox 577 3412 620 3457; x_wconf 89' lang='lat' dir='ltr'><strong>ex</strong></span> <span class='ocrx_word' id='word_1_222' title='bbox 641 3394 810 3475; x_wconf 83' lang='lat' dir='ltr'><strong>Hesychia</strong></span> <span class='ocrx_word' id='word_1_223' title='bbox 834 3413 910 3458; x_wconf 92' lang='grc'><strong>1111</strong></span> <span class='ocrx_word' id='word_1_224' title='bbox 932 3395 1108 3459; x_wconf 84' lang='lat' dir='ltr'><strong>Athenaeo</strong></span> <span class='ocrx_word' id='word_1_225' title='bbox 1138 3401 1341 3479; x_wconf 88' lang='lat' dir='ltr'><strong>comparato,</strong></span> <span class='ocrx_word' id='word_1_226' title='bbox 1370 3397 1430 3460; x_wconf 90' lang='lat' dir='ltr'><strong>sed</strong></span> 
     </span>
     <span class='ocr_line' id='line_1_30' title="bbox 270 3497 1428 3583; baseline 0.001 -21"><span class='ocrx_word' id='word_1_227' title='bbox 270 3500 371 3562; x_wconf 89' lang='lat' dir='ltr'><strong>etiam</strong></span> <span class='ocrx_word' id='word_1_228' title='bbox 394 3497 548 3580; x_wconf 87' lang='lat' dir='ltr'><strong>elucebit,</strong></span> <span class='ocrx_word' id='word_1_229' title='bbox 570 3497 629 3560; x_wconf 92' lang='lat' dir='ltr'><strong>ubi</strong></span> <span class='ocrx_word' id='word_1_230' title='bbox 645 3515 722 3560; x_wconf 91' lang='lat' dir='ltr'><strong>eum</strong></span> <span class='ocrx_word' id='word_1_231' title='bbox 738 3516 814 3561; x_wconf 90' lang='lat' dir='ltr'><strong>cum</strong></span> <span class='ocrx_word' id='word_1_232' title='bbox 830 3499 902 3561; x_wconf 89' lang='lat' dir='ltr'><strong>aliis</strong></span> <span class='ocrx_word' id='word_1_233' title='bbox 919 3498 1117 3583; x_wconf 59' lang='lat' dir='ltr'><strong>contuleris,</strong></span> <span class='ocrx_word' id='word_1_234' title='bbox 1141 3501 1179 3561; x_wconf 85' lang='lat' dir='ltr'><strong>cf.</strong></span> <span class='ocrx_word' id='word_1_235' title='bbox 1197 3517 1225 3562; x_wconf 90' lang='lat' dir='ltr'><strong>e.</strong></span> <span class='ocrx_word' id='word_1_236' title='bbox 1242 3519 1271 3582; x_wconf 91' lang='lat' dir='ltr'><strong>g.</strong></span> <span class='ocrx_word' id='word_1_237' title='bbox 1284 3500 1428 3581; x_wconf 88' lang='lat' dir='ltr'><strong>Hesych.</strong></span> 
     </span>
     <span class='ocr_line' id='line_1_31' title="bbox 270 3599 1429 3683; baseline 0.001 -18"><span class='ocrx_word' id='word_1_238' title='bbox 270 3607 303 3666; x_wconf 88' lang='lat' dir='ltr'><strong>et</strong></span> <span class='ocrx_word' id='word_1_239' title='bbox 330 3602 430 3682; x_wconf 84' lang='lat' dir='ltr'><strong>Harp.</strong></span> <span class='ocrx_word' id='word_1_240' title='bbox 459 3621 490 3662; x_wconf 88' lang='lat' dir='ltr'><strong>v.</strong></span> <span class='ocrx_word' id='word_1_241' title='bbox 519 3602 678 3683; x_wconf 79' lang='grc' dir='ltr'><strong><em>γεννῆται,</em></strong></span> <span class='ocrx_word' id='word_1_242' title='bbox 713 3600 851 3664; x_wconf 89' lang='lat' dir='ltr'><strong>eosdem</strong></span> <span class='ocrx_word' id='word_1_243' title='bbox 883 3621 915 3664; x_wconf 87' lang='lat' dir='ltr'><strong>v.</strong></span> <span class='ocrx_word' id='word_1_244' title='bbox 946 3599 1114 3682; x_wconf 80' lang='grc' dir='ltr'><strong><em>δήμαρχοι,</em></strong></span> <span class='ocrx_word' id='word_1_245' title='bbox 1147 3601 1237 3664; x_wconf 87' lang='lat' dir='ltr'><strong>Suid.</strong></span> <span class='ocrx_word' id='word_1_246' title='bbox 1268 3603 1429 3681; x_wconf 86' lang='lat' dir='ltr'><strong>(eschol.</strong></span> 
     </span>
     <span class='ocr_line' id='line_1_32' title="bbox 267 3697 1430 3794; baseline 0.002 -26"><span class='ocrx_word' id='word_1_247' title='bbox 267 3706 366 3768; x_wconf 82' lang='lat' dir='ltr'><strong>Arist.</strong></span> <span class='ocrx_word' id='word_1_248' title='bbox 389 3703 498 3785; x_wconf 86' lang='lat' dir='ltr'><strong>Equit.</strong></span> <span class='ocrx_word' id='word_1_249' title='bbox 522 3697 605 3782; x_wconf 78' lang='grc' dir='ltr'><strong>627)Ι</strong></span> <span class='ocrx_word' id='word_1_250' title='bbox 624 3707 657 3766; x_wconf 83' lang='grc'><strong>11</strong></span> <span class='ocrx_word' id='word_1_251' title='bbox 678 3704 823 3785; x_wconf 83' lang='lat' dir='ltr'><strong>Hesych.</strong></span> <span class='ocrx_word' id='word_1_252' title='bbox 847 3726 878 3766; x_wconf 91' lang='lat' dir='ltr'><strong>v.</strong></span> <span class='ocrx_word' id='word_1_253' title='bbox 892 3702 996 3779; x_wconf 78' lang='grc' dir='ltr'><strong><em>ἱστιάς</em></strong></span> <span class='ocrx_word' id='word_1_254' title='bbox 1019 3709 1097 3787; x_wconf 78' lang='lat' dir='ltr'><strong>ete,</strong></span> <span class='ocrx_word' id='word_1_255' title='bbox 1118 3705 1204 3767; x_wconf 89' lang='lat' dir='ltr'><strong>infra</strong></span> <span class='ocrx_word' id='word_1_256' title='bbox 1226 3704 1316 3768; x_wconf 90' lang='lat' dir='ltr'><strong>alind</strong></span> <span class='ocrx_word' id='word_1_257' title='bbox 1338 3707 1430 3794; x_wconf 84' lang='lat' dir='ltr'><strong>lucu·</strong></span> 
     </span>
     <span class='ocr_line' id='line_1_33' title="bbox 268 3805 1430 3890; baseline -0.001 -17"><span class='ocrx_word' id='word_1_258' title='bbox 268 3811 397 3873; x_wconf 88' lang='lat' dir='ltr'><strong>lentum</strong></span> <span class='ocrx_word' id='word_1_259' title='bbox 419 3805 542 3869; x_wconf 91' lang='lat' dir='ltr'><strong>addam</strong></span> <span class='ocrx_word' id='word_1_260' title='bbox 565 3808 767 3890; x_wconf 91' lang='lat' dir='ltr'><strong>exemplum.</strong></span> <span class='ocrx_word' id='word_1_261' title='bbox 813 3825 853 3869; x_wconf 90' lang='lat' dir='ltr'><strong>ac</strong></span> <span class='ocrx_word' id='word_1_262' title='bbox 875 3808 1001 3870; x_wconf 91' lang='lat' dir='ltr'><strong>multae</strong></span> <span class='ocrx_word' id='word_1_263' title='bbox 1015 3808 1173 3888; x_wconf 86' lang='lat' dir='ltr'><strong>Hesychii</strong></span> <span class='ocrx_word' id='word_1_264' title='bbox 1192 3808 1325 3890; x_wconf 90' lang='lat' dir='ltr'><strong>glossae</strong></span> <span class='ocrx_word' id='word_1_265' title='bbox 1340 3828 1430 3872; x_wconf 90' lang='lat' dir='ltr'><strong>nunc</strong></span> 
     </span>
     <span class='ocr_line' id='line_1_34' title="bbox 269 3908 1429 3992; baseline 0.002 -19"><span class='ocrx_word' id='word_1_266' title='bbox 269 3910 355 3974; x_wconf 90' lang='lat' dir='ltr'><strong>adeo</strong></span> <span class='ocrx_word' id='word_1_267' title='bbox 378 3912 456 3972; x_wconf 90' lang='lat' dir='ltr'><strong>sunt</strong></span> <span class='ocrx_word' id='word_1_268' title='bbox 479 3911 679 3992; x_wconf 90' lang='lat' dir='ltr'><strong>contractae,</strong></span> <span class='ocrx_word' id='word_1_269' title='bbox 708 3914 746 3973; x_wconf 93' lang='grc'><strong>11</strong></span> <span class='ocrx_word' id='word_1_270' title='bbox 773 3908 853 3972; x_wconf 89' lang='lat' dir='ltr'><strong>inde</strong></span> <span class='ocrx_word' id='word_1_271' title='bbox 881 3909 924 3983; x_wconf 91' lang='lat' dir='ltr'><strong>de</strong></span> <span class='ocrx_word' id='word_1_272' title='bbox 951 3911 1119 3973; x_wconf 90' lang='lat' dir='ltr'><strong>Polluceis</strong></span> <span class='ocrx_word' id='word_1_273' title='bbox 1147 3912 1344 3974; x_wconf 90' lang='lat' dir='ltr'><strong>testimoniis</strong></span> <span class='ocrx_word' id='word_1_274' title='bbox 1373 3913 1429 3975; x_wconf 92' lang='lat' dir='ltr'><strong>ali-</strong></span> 
     </span>
     <span class='ocr_line' id='line_1_35' title="bbox 269 4011 1429 4097; baseline 0.001 -21"><span class='ocrx_word' id='word_1_275' title='bbox 269 4015 394 4097; x_wconf 89' lang='lat' dir='ltr'><strong>quanto</strong></span> <span class='ocrx_word' id='word_1_276' title='bbox 418 4011 634 4092; x_wconf 89' lang='lat' dir='ltr'><strong>amplioribus</strong></span> <span class='ocrx_word' id='word_1_277' title='bbox 662 4013 744 4075; x_wconf 90' lang='lat' dir='ltr'><strong>nihil</strong></span> <span class='ocrx_word' id='word_1_278' title='bbox 771 4013 877 4094; x_wconf 91' lang='lat' dir='ltr'><strong>possit</strong></span> <span class='ocrx_word' id='word_1_279' title='bbox 900 4014 1019 4095; x_wconf 88' lang='lat' dir='ltr'><strong>colligi.</strong></span> <span class='ocrx_word' id='word_1_280' title='bbox 1065 4013 1148 4076; x_wconf 90' lang='lat' dir='ltr'><strong>tales</strong></span> <span class='ocrx_word' id='word_1_281' title='bbox 1177 4014 1309 4094; x_wconf 89' lang='lat' dir='ltr'><strong>glossae</strong></span> <span class='ocrx_word' id='word_1_282' title='bbox 1337 4019 1429 4077; x_wconf 87' lang='lat' dir='ltr'><strong>sunt:</strong></span> 
     </span>
     <span class='ocr_line' id='line_1_36' title="bbox 268 4112 1430 4200; baseline -0.001 -21"><span class='ocrx_word' id='word_1_283' title='bbox 268 4113 459 4200; x_wconf 75' lang='grc' dir='ltr'><strong><em>περίπολοςῑ</em></strong></span> <span class='ocrx_word' id='word_1_284' title='bbox 483 4114 635 4197; x_wconf 78' lang='grc' dir='ltr'><strong><em>φρουρός,</em></strong></span> <span class='ocrx_word' id='word_1_285' title='bbox 660 4112 796 4199; x_wconf 48' lang='grc' dir='ltr'><strong><em>ἔφορος</em></strong></span> <span class='ocrx_word' id='word_1_286' title='bbox 820 4115 980 4200; x_wconf 76' lang='grc' dir='ltr'><strong><em>λογιστήςε</em></strong></span> <span class='ocrx_word' id='word_1_287' title='bbox 1004 4113 1121 4198; x_wconf 82' lang='grc' dir='ltr'><strong><em>κριτής,</em></strong></span> <span class='ocrx_word' id='word_1_288' title='bbox 1145 4114 1349 4200; x_wconf 77' lang='grc' dir='ltr'><strong><em>δυκιμαστης,</em></strong></span> <span class='ocrx_word' id='word_1_289' title='bbox 1366 4119 1430 4192; x_wconf 62' lang='lat' dir='ltr'><strong>&amp;Es-</strong></span> 
     </span>
     <span class='ocr_line' id='line_1_37' title="bbox 268 4211 1430 4302; baseline -0.001 -19"><span class='ocrx_word' id='word_1_290' title='bbox 268 4219 402 4302; x_wconf 75' lang='grc' dir='ltr'><strong><em>ταστης;</em></strong></span> <span class='ocrx_word' id='word_1_291' title='bbox 430 4211 586 4292; x_wconf 48' lang='lat' dir='ltr'><strong>&amp;devant</strong></span> <span class='ocrx_word' id='word_1_292' title='bbox 615 4213 790 4302; x_wconf 71' lang='grc' dir='ltr'><strong><em>εὐθυντήρ,</em></strong></span> <span class='ocrx_word' id='word_1_293' title='bbox 820 4216 1012 4302; x_wconf 78' lang='grc' dir='ltr'><strong><em>δικαστικός,</em></strong></span> <span class='ocrx_word' id='word_1_294' title='bbox 1034 4217 1204 4301; x_wconf 80' lang='grc' dir='ltr'><strong><em>χρεώστης,</em></strong></span> <span class='ocrx_word' id='word_1_295' title='bbox 1227 4218 1430 4302; x_wconf 78' lang='grc' dir='ltr'><strong><em>κυβερνήτης,</em></strong></span> 
     </span>
     <span class='ocr_line' id='line_1_38' title="bbox 269 4318 1430 4405; baseline 0.001 -21"><span class='ocrx_word' id='word_1_296' title='bbox 269 4318 450 4405; x_wconf 73' lang='grc' dir='ltr'><strong><em>ὄιορθωτης</em></strong></span> <span class='ocrx_word' id='word_1_297' title='bbox 488 4324 549 4384; x_wconf 89' lang='lat' dir='ltr'><strong>etc.</strong></span> <span class='ocrx_word' id='word_1_298' title='bbox 600 4321 735 4404; x_wconf 90' lang='lat' dir='ltr'><strong>optime,</strong></span> <span class='ocrx_word' id='word_1_299' title='bbox 774 4321 944 4405; x_wconf 90' lang='lat' dir='ltr'><strong>quomodo</strong></span> <span class='ocrx_word' id='word_1_300' title='bbox 982 4321 1072 4403; x_wconf 92' lang='lat' dir='ltr'><strong>apud</strong></span> <span class='ocrx_word' id='word_1_301' title='bbox 1107 4321 1313 4402; x_wconf 88' lang='lat' dir='ltr'><strong>Hesychium</strong></span> <span class='ocrx_word' id='word_1_302' title='bbox 1349 4323 1430 4386; x_wconf 88' lang='lat' dir='ltr'><strong>satis</strong></span> 
     </span>
     <span class='ocr_line' id='line_1_39' title="bbox 269 4423 1429 4507; baseline 0 -18"><span class='ocrx_word' id='word_1_303' title='bbox 269 4425 406 4507; x_wconf 87' lang='lat' dir='ltr'><strong>copiosa</strong></span> <span class='ocrx_word' id='word_1_304' title='bbox 427 4425 572 4486; x_wconf 88' lang='lat' dir='ltr'><strong>narratio</strong></span> <span class='ocrx_word' id='word_1_305' title='bbox 595 4424 630 4487; x_wconf 91' lang='lat' dir='ltr'><strong>in</strong></span> <span class='ocrx_word' id='word_1_306' title='bbox 654 4425 905 4506; x_wconf 89' lang='lat' dir='ltr'><strong>angustissimos</strong></span> <span class='ocrx_word' id='word_1_307' title='bbox 934 4426 1017 4488; x_wconf 89' lang='lat' dir='ltr'><strong>fines</strong></span> <span class='ocrx_word' id='word_1_308' title='bbox 1046 4423 1184 4488; x_wconf 87' lang='lat' dir='ltr'><strong>redacta</strong></span> <span class='ocrx_word' id='word_1_309' title='bbox 1211 4425 1262 4507; x_wconf 90' lang='lat' dir='ltr'><strong>sit,</strong></span> <span class='ocrx_word' id='word_1_310' title='bbox 1292 4423 1429 4489; x_wconf 92' lang='lat' dir='ltr'><strong>demon·</strong></span> 
     </span>
     <span class='ocr_line' id='line_1_40' title="bbox 268 4522 1428 4611; baseline 0.001 -20"><span class='ocrx_word' id='word_1_311' title='bbox 268 4528 365 4592; x_wconf 87' lang='lat' dir='ltr'><strong>strari</strong></span> <span class='ocrx_word' id='word_1_312' title='bbox 385 4527 508 4609; x_wconf 85' lang='lat' dir='ltr'><strong>poterit</strong></span> <span class='ocrx_word' id='word_1_313' title='bbox 535 4543 620 4591; x_wconf 85' lang='lat' dir='ltr'><strong>voce</strong></span> <span class='ocrx_word' id='word_1_314' title='bbox 647 4527 870 4610; x_wconf 75' lang='grc' dir='ltr'><strong><em>γραμματεύςτ</em></strong></span> <span class='ocrx_word' id='word_1_315' title='bbox 900 4522 917 4591; x_wconf 82' lang='grc' dir='ltr'>ὅ</span> <span class='ocrx_word' id='word_1_316' title='bbox 942 4523 1163 4611; x_wconf 78' lang='grc' dir='ltr'><strong><em>ἅναγνώστης.</em></strong></span> <span class='ocrx_word' id='word_1_317' title='bbox 1186 4526 1363 4611; x_wconf 80' lang='grc' dir='ltr'><strong><em>γράμματα</em></strong></span> <span class='ocrx_word' id='word_1_318' title='bbox 1385 4527 1428 4592; x_wconf 79' lang='grc' dir='ltr'><strong>εἰ·</strong></span> 
     </span>
    </p>
   </div>
   <div class='ocr_carea' id='block_1_3' title="bbox 0 0 1594 5136">
    <p class='ocr_par' dir='ltr' id='par_1_4' title="bbox 0 0 1594 5136">
     <span class='ocr_line' id='line_1_41' title="bbox 0 0 1594 5136; baseline 0 0"><span class='ocrx_word' id='word_1_319' title='bbox 0 0 1594 5136; x_wconf 95' lang='lat' dir='ltr'><strong> </strong></span> 
     </span>
    </p>
   </div>
  </div>
 </body>
</html>
