3180 5136
665 1140 889 1270 Caput
923 1142 996 1237 Π

329 1463 367 1526 In
401 1464 464 1526 hac
498 1465 695 1547 quaestione
728 1465 770 1528 ab
803 1465 877 1547 ipso
911 1465 1051 1530 Polluce
1083 1465 1166 1528 nihil
1199 1465 1406 1528 adiuvamur.

244 1585 324 1629 nam
345 1567 380 1629 in
401 1567 610 1648 praefatione
633 1571 752 1632 octavo
775 1567 860 1633 libro
889 1569 1073 1650 praemissa
1101 1567 1144 1631 ad
1172 1569 1336 1632 rationem
1363 1569 1406 1631 ab

244 1671 317 1751 ipso
343 1669 555 1734 observatam
576 1669 658 1732 nihil
680 1671 744 1734 nisi
764 1671 799 1733 id
821 1672 980 1753 pertinet:
1015 1673 1119 1734 ταῦτα
1149 1668 1209 1752 ἐγὼ
1239 1670 1407 1746 συνελεξά-

244 1793 315 1854 μην,
352 1767 403 1834 ὅτι
424 1759 484 1854 ptr
508 1767 562 1834 διὰ
584 1778 719 1855 ταχέων,
753 1767 850 1836 αὐτὸ
875 1771 998 1857 δηλοῖ.
1044 1777 1145 1856 atquc
1177 1775 1243 1837 hoc
1271 1774 1407 1856 quidem

247 1893 348 1957 quam
369 1892 450 1938 vere
473 1874 557 1938 dixit
577 1875 715 1956 Pollux!
761 1881 873 1939 tamen
902 1876 981 1940 inde
1005 1876 1206 1940 concludere
1228 1877 1307 1939 licet
1329 1894 1408 1939 eum

245 1978 299 2040 hic
321 1995 390 2040 non
412 1981 450 2039 ut
470 1978 505 2040 in
528 1977 600 2040 aliis
616 1979 726 2060 operis
740 1979 891 2061 partibus
904 1977 963 2058 ¹⁰¹)
988 1980 1210 2061 complurium
1233 1984 1409 2043 auctorum

247 2081 523 2164 conglutinationi
544 2081 696 2148 laborem
717 2082 931 2165 impendisse,
965 2083 1025 2146 sed
1048 2083 1178 2164 singula
1199 2101 1267 2145 uno
1291 2087 1408 2147 tenore

247 2170 469 2266 descripsisse.
515 2188 617 2267 atque
638 2186 777 2248 iterem
804 2203 841 2248 se
869 2185 994 2250 habere
1021 2185 1175 2268 vidimus,
1204 2186 1409 2268 ubicumque

245 2287 367 2371 reliqui
389 2288 597 2370 grammatici
618 2305 680 2352 nos
702 2306 772 2352 non
795 2288 1022 2354 deseruerant.
1066 2289 1131 2354 hoc
1152 2289 1285 2352 videtur
1307 2291 1408 2352 etiam

245 2391 386 2454 Althaus
408 2391 624 2474 intellexisse,
649 2392 715 2474 qui,
740 2409 816 2454 cum
838 2396 954 2456 contra
968 2391 1138 2457 Rohdium
1154 2410 1194 2456 eo
1211 2396 1408 2474 argumento

246 2496 359 2557 utatur
382 2498 439 2576 „ut
462 2494 534 2558 aliis
556 2493 640 2558 locis
662 2512 732 2559 non
754 2515 859 2558 unum
882 2499 1012 2558 tantum
1030 2494 1090 2558 sed
1106 2495 1294 2576 complures
1310 2495 1409 2558 simul

246 2601 401 2660 auctores
415 2597 538 2662 Nostro
563 2599 762 2680 suppetiisse
784 2599 976 2680 viderimus,
999 2599 1046 2660 ita
1066 2599 1102 2660 in
1123 2597 1223 2660 rebus
1246 2599 1408 2660 scaenicis

247 2718 382 2784 quoque
407 2701 578 2768 evenisse“
601 2700 777 2785 probabile
793 2720 877 2784 esse,
901 2701 1110 2765 nihilosetius
1124 2701 1159 2763 in
1174 2701 1241 2763 fine
1257 2701 1405 2782 opusculi

247 2805 298 2868 sui
321 2807 367 2886 (p.
384 2802 440 2884 38)
465 2804 508 2867 de
531 2808 651 2870 octavo
673 2804 759 2868 libro
782 2805 830 2868 sic
853 2805 1054 2886 suspicatur:
1080 2807 1170 2886 „turn
1192 2807 1352 2885 sequetur
1367 2801 1406 2866 de

170 2986 171 2990 Ἰ
245 2906 331 2972 libro
369 2912 488 2971 octavo
525 2909 676 2990 quaestio
705 2908 898 2990 singularis,
933 2909 968 2970 in
998 2925 1065 2989 quo
1095 2926 1200 2989 quum
1227 2906 1338 2970 adhuc
1367 2907 1407 2985 [l]

246 3030 351 3074 unum
373 3010 589 3074 Aristotelem
610 3011 757 3074 Pollucis
779 3011 907 3075 fontem
929 3011 1044 3074 vocari
1064 3009 1208 3092 videam,
1229 3011 1297 3072 iam
1319 3027 1410 3072 nuno

248 3114 319 3177 eius
341 3113 484 3176 alterum
498 3115 625 3177 fontem
640 3112 879 3178 Philochorum
894 3113 995 3178 fuisse
1011 3113 1176 3176 affirmare
1190 3129 1259 3175 non
1276 3112 1409 3194 dubito,

248 3219 282 3280 11
305 3216 460 3279 cautione
482 3215 580 3280 nobis
605 3233 689 3298 opus
713 3216 784 3297 erit,
812 3233 857 3279 ne
884 3215 960 3278 illos
981 3216 1073 3297 ipsos
1096 3234 1117 3277 a
1136 3214 1259 3279 Nostro
1283 3214 1410 3278 adhibi-

248 3322 300 3383 tos
322 3324 487 3402 putemus,
516 3319 575 3383 ubi
596 3320 737 3384 fortasse
760 3336 804 3382 ex
827 3319 923 3383 tertio
948 3318 1060 3401 aliquo
1089 3317 1224 3400 pendet,
1254 3319 1310 3400 qui
1337 3319 1409 3382 illo-

247 3441 322 3485 rum
337 3425 516 3505 utrumque
530 3423 565 3486 in
579 3423 714 3487 brevius
731 3425 945 3486 contraxerat
960 3424 1039 3502 (etsi
1054 3421 1253 3504 dubitanter,
1271 3422 1409 3484 nomino

249 3524 432 3590 Caecilium
449 3524 727 3605 Galeactinum).“
758 3545 825 3610 qua
838 3527 874 3588 in
896 3525 1105 3590 dubitatione
1127 3526 1235 3588 fateor
1256 3542 1311 3586 me
1334 3542 1410 3586 cum

248 3629 422 3692 Althausio
446 3629 548 3711 plane
570 3629 768 3694 consentire.
800 3627 880 3710 quid
897 3629 1008 3692 enim?
1039 3646 1058 3691 e
1074 3626 1211 3692 Caecilii
1225 3629 1335 3690 lexico
1348 3625 1409 3704 ¹⁰²)

249 3736 406 3815 quattuor
434 3735 563 3795 tantum
589 3735 768 3814 supersunt
789 3732 988 3814 fragmenta:
1017 3733 1161 3814 primum
1190 3731 1279 3812 apud
1307 3730 1409 3811 Harp.

248 3857 279 3898 v.
294 3833 439 3919 dicitnr,
463 3834 522 3899 sed
539 3835 663 3900 Pollux
676 3841 691 3913 §
705 3832 746 3897 59
763 3835 864 3917 plane
888 3835 1055 3898 contraria
1075 3838 1203 3917 narrat,
1226 3833 1411 3896 secundum

251 3939 341 4021 apud
363 3937 579 4003 Ammonium
602 3936 730 4021 θεωρὸς
752 3938 807 4000 καὶ
829 3933 953 4022 θεατὴς
976 3935 1138 4020 διαφέρειε
1156 3933 1411 3998 ...διαστέλλει

322 4231 371 4298 ¹⁰¹)
408 4233 442 4285 cf.
460 4231 601 4285 Althausii
619 4229 723 4282 librum
741 4233 798 4282 not.
816 4229 832 4282 2
850 4228 995 4281 laudatum
1012 4227 1078 4280 inde
1096 4243 1112 4279 1
1129 4242 1157 4296 p.
1175 4227 1217 4282 23.

324 4318 372 4385 ¹⁰⁹)
408 4317 521 4371 Caecilii
547 4318 666 4370 rhetoris
693 4317 848 4385 fragmenta
875 4315 989 4384 collegit
1011 4320 1061 4370 etc.
1085 4313 1212 4383 Theoph.
1230 4307 1420 4382 Bmckhardt'

251 4407 378 4460 Besilcae
398 4403 472 4474 1863,
490 4420 518 4474 p.
531 4405 570 4458 15.
595 4405 630 4457 cf.
642 4403 730 4470 Blass,
748 4403 800 4455 Die
819 4402 922 4472 griech.
940 4401 1162 4454 Beredtsamkeit
1178 4417 1235 4456 von
1252 4399 1414 4454 Alexander

251 4494 295 4546 bis
313 4492 432 4563 August,
450 4492 545 4545 Berlin
565 4491 639 4560 1865,
657 4505 683 4558 p.
704 4489 753 4543 177
770 4494 829 4544 not.
850 4491 871 4542 l.
