3180 5136
733 398 883 498 L

227 605 269 668 ad
291 604 419 686 Lycum
443 607 588 670 tribunal
610 607 699 669 male
729 607 908 669 confictum
937 624 1104 670 censeam.
1151 624 1286 669 causam
1309 624 1388 669 vero

227 709 346 771 erroris
369 710 506 791 aperiet,
530 727 631 791 quem
653 729 755 792 supra
777 708 821 772 ad
842 710 1065 773 refellendum
1087 711 1262 772 Pollucem
1285 710 1389 791 attuli,

226 811 423 891 Hesychius.
469 830 545 874 eum
574 813 663 874 enim
691 817 782 874 16616
810 807 934 876 habeat
961 814 1027 875 lex,
1050 813 1158 876 Beklr.
1182 810 1254 895 449,
1279 810 1318 874 17
1342 817 1391 891 (61

228 913 318 976 811111.
341 910 515 997 1.ἄρχοιν)
539 910 694 997 ἄρχοντες
717 912 750 977 οἱ
770 915 867 976 ἐννέα
888 918 986 990 νίνεςε
1006 962 1012 974 .
1031 960 1058 976 ..
1080 917 1136 976 καὶ
1158 914 1222 996 πρὸ
1246 919 1305 996 μὲν
1328 916 1392 977 τῶν

227 1015 378 1091 Σόλωνος
406 1016 516 1099 νόμον
543 1022 601 1081 οὐκ
629 1019 702 1101 ἐξῆν
732 1012 843 1092 αὐτοῖς
876 1012 947 1100 ἅμα
981 1017 1139 1095 δικάζειν,
1175 1014 1250 1080 ἀλλ’
1283 1013 1300 1082 11
1331 1021 1392 1097 μὲν

226 1116 377 1200 βασιλεὺς
399 1123 622 1203 καθῆστο...
647 1114 664 1183 ὃ
687 1119 894 1202 πολέμαρχος
916 1122 952 1184 ἐν
975 1125 1112 1203 Λυκείῳ,
1138 1122 1284 1203 Hesych.
1308 1123 1392 1184 haec

227 1223 382 1304 praebet:
416 1225 482 1285 e‘nl
511 1221 700 1303 Λύκ[ε]ιον;
729 1219 861 1305 ἀρχεῖον
889 1227 946 1287 τοῦ
975 1222 1185 1306 πολεμάρχου·
1208 1220 1391 1307 Ἀθήνησιν.

228 1325 392 1388 eiusmodi
416 1327 643 1389 testimonium
665 1327 787 1389 Pollux
811 1345 886 1389 cnm
908 1329 1131 1391 Eratosthene
1154 1328 1312 1392 confudit.

313 1463 384 1525 Iam
406 1463 591 1546 intelleges,
615 1464 743 1545 opinor,
768 1480 869 1544 quam
890 1463 1056 1525 lubricum
1080 1465 1122 1525 sit
1145 1464 1246 1526 talem
1267 1464 1391 1546 locum,

229 1565 286 1627 ubi
310 1583 402 1628 61161
417 1584 564 1629 errorem
580 1567 713 1647 excipit,
737 1566 1218 1647 emendationibustemptare.
1250 1567 1393 1630 sufficiat

228 1669 328 1750 igitur
349 1686 430 1731 vera
452 1668 588 1732 aliunde
612 1669 746 1731 eruisse.

704 1879 719 1952 1
746 1871 924 1936 116-111

315 2031 459 2093 Tantum
482 2030 635 2093 heliaeae
657 2031 829 2094 mentione
852 2049 901 2113 66,
930 2048 1018 2112 quae
1040 2030 1083 2093 de
1104 2031 1235 2094 ratione
1253 2031 1393 2094 iudicio-

231 2155 304 2197 rum
328 2133 493 2216 dicuntur,
514 2135 721 2215 interrumpi,
744 2132 804 2196 sed
819 2134 882 2196 hac
898 2135 1022 2197 omissa
1036 2134 1115 2196 66116
1129 2134 1229 2215 bene,
1251 2138 1289 2196 ut
1304 2135 1393 2216 apud

230 2238 414 2320 Pollucem,
432 2235 617 2318 procedere
635 2255 747 2326 neque
762 2238 834 2300 sine
849 2236 1086 2318 probabilitate
1101 2237 1144 2300 ad
1159 2257 1264 2299 unum
1280 2241 1391 2299 aucto-

228 2359 299 2403 rem
314 2339 491 2403 referenda
506 2339 669 2402 videntur.
701 2339 793 2421 quod
815 2344 927 2402 tamen
948 2341 995 2402 ita
1012 2357 1050 2402 se
1064 2359 1133 2402 11611
1148 2340 1259 2402 habet.
1289 2341 1389 2402 immo

174 2505 176 2510 .
229 2462 299 2506 non
321 2443 417 2505 aliter
439 2443 596 2525 atquem
619 2442 898 2524 praecedentibus
920 2444 1136 2525 paragraphis
1160 2444 1282 2528 omnia,
1306 2461 1394 2526 quae

229 2547 282 2608 hic
305 2548 526 2628 proferuntur,
548 2546 640 2608 bona
663 2546 839 2629 deteriora,
862 2565 943 2610 vera
965 2547 1049 2609 t'alsa
1072 2547 1204 2609 evariis
1229 2548 1393 2628 scriptori-

229 2651 292 2713 bus
315 2655 392 2712 sunt
415 2668 557 2714 corrasa.
602 2648 663 2712 sed
685 2650 729 2713 ob
754 2648 830 2712 eam
850 2651 958 2732 ipsam
981 2669 1128 2733 causam,
1158 2650 1249 2732 quod
1272 2651 1395 2712 artiore

231 2752 377 2835 quodam
410 2752 545 2814 vinculo
577 2753 665 2815 inter
696 2770 734 2814 se
767 2754 958 2834 cohaerent,
992 2753 1206 2816 statuendum
1242 2757 1293 2815 est
1325 2770 1394 2814 non

229 2856 402 2918 Pollucem
424 2856 508 2917 haee
531 2854 708 2936 collegisse
730 2853 791 2918 6611
812 2855 879 2917 iam
901 2855 936 2917 111
964 2856 1056 2918 fonte
1085 2874 1146 2919 suo
1177 2856 1320 2919 collecta
1346 2855 1394 2917 in·

230 2960 371 3022 venisse.
416 2959 466 3020 his
490 2959 650 3040 expositis
673 2957 716 3020 611
739 2958 871 3041 singula
892 2976 954 3020 nos
979 2963 1223 3040 convertamus.

316 3087 368 3150 De
391 3091 502 3149 aetate
530 3087 679 3150 indicum
708 3089 866 3181 convenit
883 3089 980 3149 'inter
1006 3088 1182 3150 Pollucem
1211 3093 1244 3150 et
1272 3105 1393 3169 suppo-

230 3192 371 3254 siticiam
413 3190 626 3253 iurisiurandi
669 3190 845 3253 formulam
889 3189 1125 3254 Demosthenis
1162 3191 1394 3254 Timocrateae

232 3300 262 3374 (§
289 3290 470 3371 149-151)
493 3294 662 3356 insertam.
708 3294 956 3375 sexagesimum
978 3313 1102 3355 annum
1126 3293 1226 3356 tradit
1249 3292 1338 3355 Suid.
1362 3313 1393 3353 v.

7 3417 10 3500 χ
111 3411 113 3416 ·
230 3394 408 3476 τριώβολον
439 3399 496 3457 aut
524 3413 585 3458 suo
615 3401 673 3457 aut
704 3395 916 3459 librariorum
945 3414 1065 3459 errore.
1119 3414 1206 3478 quae
1235 3396 1394 3477 deinceps

230 3503 415 3582 sequuntur
438 3517 544 3580 usque
567 3498 609 3560 ad
633 3494 778 3580 ὥρκισεν,
802 3517 879 3561 cum
893 3499 1005 3562 Roseo
1029 3520 1061 3580 p.
1078 3497 1140 3560 455
1162 3499 1393 3580 Theophrasto

231 3602 372 3681 tribues,
402 3604 429 3664 si
458 3603 751 3684 grammaticorum
779 3603 881 3664 moris
910 3603 1111 3664 memineris.
1162 3602 1276 3664 scribit
1306 3604 1394 3664 enim

229 3709 277 3770 ita
298 3699 600 3787 Harp.'‘Apdqttur:
619 3751 626 3765 .
643 3751 674 3766 ..
699 3703 799 3778 τόπος
816 3701 988 3787 Ἀθήνησιν
1016 3701 1097 3786 ὑπὲρ
1127 3701 1163 3767 τὸ
1195 3703 1328 3768 στάδιον
1356 3701 1393 3767 τί)

231 3805 508 3890 Παναθηναϊκόν,
546 3805 627 3890 πρὸς
656 3810 700 3888 τῷ
730 3806 817 3892 δήμῳ
849 3810 895 3889 τῷ
923 3803 1109 3891 ὑπένερθεν
1130 3803 1314 3890 Ἀχρνλέων.
1359 3809 1395 3869 εἰ»

229 3909 349 3992 τούτῳ,
380 3911 473 3994 φασὶ,
497 3909 635 3995 δημοσία
657 3909 778 3985 πάντες
801 3906 930 3991 ὤμνυον
946 3905 1115 3994 Ἀθηναῖοι
1137 3908 1195 3974 τὸν
1218 3906 1316 3994 ὅρκον
1336 3908 1395 3973 τὸν

230 4011 427 4100 ἡλιαστικόν.
472 4008 654 4096 ὠνομάσθη
684 4012 718 4075 δὲ
747 4009 815 4076 ἀπὸ
837 4008 1011 4095 Ἀρδήτνου
1044 4008 1149 4097 ἥρωος
1178 4017 1330 4094 ἀρχαίου,
1360 4010 1395 4088 ὃς

225 4114 417 4201 Ἀθηναίους
440 4119 568 4199 πρῶτος
590 4115 770 4199 ἐξώρκισεν.
818 4114 1088 4200 Θεόφραστος
1118 4117 1149 4179 d'
1173 4119 1208 4180 ἐν
1230 4123 1298 4191 τοῖς
1321 4117 1395 4197 περὶ

232 4219 341 4304 νόμον
370 4217 464 4303 δηλοῖ
489 4214 531 4293 ὥς
559 4218 753 4282 κατελέλυτο
776 4217 814 4282 τὸ
837 4215 919 4294 ἔθος
940 4220 1048 4282 τοῦτο.
1093 4221 1394 4303 Hmpocrationem

232 4342 341 4407 aeque
370 4342 410 4386 ac
436 4323 611 4386 Pollucem
646 4323 780 4405 supplet
812 4322 958 4403 Hesych.
981 4317 1183 4405 Ἀρδήτιουςι
1295 4322 1396 4398 τόπος

232 4428 307 4512 περὶ
329 4423 385 4489 τὸν
402 4421 552 4498 Ἰλισσόν,
575 4423 664 4505 ἐγγὺς
685 4429 743 4488 τοῦ
760 4427 1023 4508 Παναθηναῖκοῦ
1048 4424 1191 4501 σταδίου,
1214 4429 1250 4490 ἐν
1272 4415 1297 4508 ᾧ
1319 4424 1397 4500 τοὺς

233 4524 348 4612 ὅρκους
370 4531 553 4592 ἐποιοῦντο.
598 4527 640 4591 ad
666 4528 811 4592 eundem
832 4528 1100 4611 Theophrastum
1124 4531 1197 4596 sine
1220 4530 1322 4596 dubio
1345 4547 1395 4593 re·
