3194 5136
770 419 923 520 *IA-

263 649 294 709 p.
311 627 385 712 114)
403 647 516 710 neque
528 629 616 690 nllus
629 628 712 689 alins
732 631 850 689 auctor
869 626 1035 690 eiusmodi
1047 627 1232 710 quidquam
1245 628 1429 689 memoriae

259 730 415 812 prodidit.
460 751 540 794 nam
561 732 629 794 lex.
658 730 764 792 Bekk.
794 727 867 812 246,
893 729 932 792 14
954 730 1045 793 bene
1074 731 1213 811 exponit
1242 730 1307 792 hoc
1330 747 1429 791 voea-

260 833 393 896 bulnm:
423 833 622 917 εἶσαγωγεῖςι
636 831 835 914 ἐἰσαγωγεῖς
868 820 953 917 ἦσαν
981 831 1121 896 ἑκάστου
1156 831 1363 915 δικαστηρίου
1398 828 1432 894 οἱ

261 930 426 1018 ἄρχοντος,
450 934 484 998 οἳ
503 935 632 1019 εἰσῆγον
647 932 759 1008 αὐτοῖς
780 931 842 1009 τὰς
857 933 957 1009 δίκας.
974 935 1183 1016 Hesychium
1198 952 1279 998 vero
1295 957 1326 997 v.
1350 936 1428 997 ἐπα-

260 1036 342 1120 γωγή
367 1057 425 1101 cur
450 1058 521 1102 non
551 1057 627 1100 cum
656 1039 782 1101 Meiere
814 1040 887 1119 (qui
910 1043 1023 1101 tamen
1050 1039 1116 1101 hoc
1146 1037 1271 1120 debuit,
1299 1043 1337 1100 ut
1359 1042 1430 1100 tum

262 1147 333 1204 erat
356 1142 511 1204 codicum
533 1142 681 1204 Pollucis
705 1142 866 1222 cognitio)
896 1143 963 1204 huc
986 1143 1140 1224 referam,
1169 1141 1229 1204 sed
1252 1140 1333 1217 οῦς
1360 1138 1430 1222 101,

260 1264 329 1306 una
352 1263 428 1308 curn
450 1245 602 1307 Polluoei
626 1245 747 1307 erroris
771 1246 899 1326 origine
922 1246 1073 1326 aperiam
1098 1263 1170 1325 cap.
1194 1244 1234 1306 Π.

346 1349 400 1408 De
422 1347 672 1410 athlethetis
694 1346 1068 1429 reliqnilexicographt
1082 1347 1164 1408 nihil
1186 1347 1344 1427 referunt,
1367 1347 1430 1409 nisi

262 1449 354 1531 quod
376 1467 553 1530 perperam
567 1448 775 1512 Nicandrum
798 1449 841 1512 ab
857 1449 1005 1531 Hesych.
1029 1472 1061 1512 v.
1085 1444 1294 1530 ἀγωνοθέται
1316 1449 1431 1511 lauda-

262 1557 333 1614 tum
355 1555 462 1615 secuti
483 1554 534 1615 his
557 1557 690 1615 tantum
713 1554 844 1615 musica
875 1555 1058 1616 certamina
1087 1553 1247 1635 tribuunt,
1276 1554 1433 1635 gymnica

264 1656 486 1738 agonothetis,
537 1655 686 1719 Pollucis
716 1657 943 1720 testimoninm
973 1675 1044 1718 non
1079 1657 1151 1718 sine
1184 1654 1432 1737 probabilitate,

262 1761 390 1840 opinor,
414 1759 458 1821 ad
479 1759 696 1821 Aristotelem
718 1760 832 1821 rettuli
856 1778 927 1840 cap.
950 1759 992 1824 ll.

807 1935 822 2007 ᾗ
844 1928 888 1992 91

260 2061 565 2150 Ηοτρ.“1ππαρχος;
589 2108 618 2125 ..
633 2112 640 2126 .
656 2062 784 2146 λέγεται
796 2065 831 2128 δὲ
847 2069 921 2147 παρ’
974 2061 1256 2147 Ρ1ιο1.λ’ππαρχοι;
1270 2053 1431 2149 δῦοῆσαν,

148 2237 153 2248 Χ
254 2165 612 2254 Ἀθηναίοιςλππαρχος
625 2169 680 2230 καὶ
694 2161 785 2230 δτῶν
797 2165 924 2230 ἱππέων
974 2167 1010 2230 ολ
1039 2170 1105 2230 τῶν
1136 2164 1263 2229 ἱππέων
1296 2163 1432 2250 ἡγοῦντο

262 2269 386 2357 ἄρχων·
395 2269 453 2333 δύο
467 2265 496 2332 δ
510 2257 594 2354 ἦσαν
606 2258 706 2344 οὗτοι,
721 2265 922 2352 ὦςΔημοσθ.
975 2267 1158 2351 διελόμενοι
1167 2268 1227 2344 τὰς
1238 2268 1347 2354 φυλὰς
1361 2271 1433 2334 ἑκά·

263 2377 300 2437 ἐν
315 2373 345 2436 δ’
365 2373 573 2436 Φιλιππικῶν
592 2389 672 2456 φησι
682 2374 737 2435 καὶ
746 2370 922 2457 Ἀριστο-
975 2393 1067 2455 τερος
1090 2367 1156 2432 ἀνὰ
1179 2377 1299 2434 πέντε·
1324 2373 1434 2454 ἐπιμε-

263 2476 380 2560 τέλης
410 2479 446 2539 ἐν
469 2472 652 2558 Ἀθηναίων
675 2473 836 2562 πολιτεία.
974 2471 1069 2556 ληταλ
1092 2472 1128 2536 δέ
1142 2472 1205 2537 οἷοι
1220 2477 1286 2538 τῶν
1307 2473 1434 2539 ἱππέων

261 2580 363 2661 Harp.
381 2575 561 2662 φύλαρχοςε
579 2622 586 2638 .
604 2622 611 2638 .
628 2623 635 2639 .
653 2575 820 2662 φύλαρχος
835 2579 924 2642 ἐστιν
975 2572 1020 2662 [οἱ
1040 2575 1204 2662 φύλαρχοι
1227 2577 1321 2642 addit
1341 2579 1433 2642 Rose

262 2679 280 2747 ὁ
304 2679 389 2744 κατὰ
417 2678 523 2765 φυλὴν
545 2679 685 2765 ἑκάστην
705 2682 764 2744 τοῦ
788 2678 923 2744 ἱππικοῦ
974 2700 1005 2761 p.
1030 2678 1291 2765 434]·καθάπερ
1320 2680 1354 2743 οἱ
1378 2705 1433 2744 τα·

263 2781 381 2869 ἄρχων,
404 2779 664 2865 ὑποτεταγμένας
688 2783 778 2866 δδτῷ
802 2782 923 2868 taurin·
974 2784 1100 2865 ξίαρχοι
1144 2781 1223 2846 δέκα
1259 2780 1351 2858 ὄντες
1387 2775 1434 2858 εἷς

262 2912 318 2971 xp,
342 2883 679 2970 ὦςἈριοτοτέλης
702 2882 921 2971 ἐντῇἊθην.
975 2878 1031 2966 ἀφ’
1062 2883 1200 2969 ἐκάοτιγς
1236 2885 1339 2970 φυλῆς
1367 2890 1434 2950 τῶν

263 2990 370 3054 πολιτ.
394 2993 484 3074 φησί.
973 2980 1126 3052 ὁπλιτῶν.

349 3111 510 3191 Apparet,
524 3109 560 3169 ni
575 3108 682 3188 fallor,
702 3111 735 3168 et
749 3105 907 3169 Photium
924 3122 1138 3167 communem
1155 3125 1230 3168 cnm
1245 3107 1431 3189 Harpocra-

262 3217 354 3278 tione
369 3213 497 3274 fontem
515 3207 637 3271 adiisse
657 3213 695 3270 et
710 3227 752 3271 ex
767 3211 864 3290 parte
882 3207 1070 3289 pleniorem
1100 3226 1253 3272 servasse
1272 3209 1321 3289 (id
1341 3211 1432 3293 quod

263 3316 397 3398 saepius
420 3315 546 3374 facturn
571 3329 645 3374 esse
661 3311 762 3375 docet
775 3310 890 3373 Naber
904 3310 1031 3393 proleg.
1049 3310 1093 3372 ad
1106 3313 1203 3376 Phot.
1219 3333 1251 3394 p.
1270 3310 1330 3375 107
1347 3316 1432 3395 sqq.)

264 3424 297 3484 et
310 3419 401 3481 hunc
416 3419 544 3480 fontem
558 3415 777 3478 Aristotelem
793 3433 877 3478 esse.
907 3432 1008 3495 porro
1023 3415 1183 3478 Photium
1199 3434 1276 3478 oum
1291 3419 1431 3480 Polluce

264 3521 472 3602 comparanti
483 3517 631 3581 elucebit
645 3518 736 3581 hunc
752 3535 889 3600 quoque
905 3535 967 3580 sua
978 3517 1150 3580 Aristoteli
1166 3517 1300 3583 debere.
1327 3519 1433 3581 verba

262 3624 422 3706 ἵππαρχοι
537 3619 770 3701 ἐπιμελοῦνται
804 3624 871 3682 τῶν
901 3617 1054 3701 πολέμων
1082 3622 1192 3684 minus
1228 3626 1384 3684 accurate
1412 3639 1433 3682 a

261 3729 402 3794 Polluce
436 3724 524 3788 dicta
555 3728 736 3806 propterea
767 3724 971 3807 putaverim,
1008 3723 1100 3806 quod
1133 3725 1169 3787 in
1198 3729 1335 3788 auctore
1369 3740 1430 3786 suo

263 3832 442 3896 discrimen
464 3829 552 3888 inter
572 3831 753 3907 utrumque
782 3827 1013 3908 magistratum
1043 3827 1255 3889 intercedens
1282 3828 1351 3888 iam
1374 3826 1430 3889 ob-

263 3938 433 3998 scuratum
451 3931 553 4008 (sicut
570 3933 620 3992 est
632 3929 723 4010 apud
734 3929 847 4007 Phot.)
867 3929 995 3991 invenit
1007 3934 1050 4011 et,
1068 3947 1112 3992 ne
1125 3929 1258 3993 duobus
1275 3928 1366 3991 idem
1378 3929 1431 3990 tri-

263 4039 368 4102 buere
383 4034 563 4116 videretur,
585 4034 735 4114 priorum
750 4051 872 4095 munus
887 4032 989 4113 paulo
1006 4034 1195 4114 generalius
1219 4030 1429 4110 definivit.¹⁸)

335 4293 371 4361 ¹⁸)
407 4293 530 4361 minime,
553 4303 626 4358 quae
648 4293 690 4340 est
711 4288 836 4340 Pollucci
859 4290 951 4356 operis
975 4293 1087 4355 natura,
1118 4287 1223 4356 obstat,
1247 4288 1323 4356 quod
1346 4290 1359 4338 1
1383 4286 1432 4342 128

263 4385 336 4434 recte
359 4381 431 4432 inter
454 4381 531 4430 varia
554 4378 656 4428 ducum
685 4390 788 4443 genera
816 4374 956 4431 distinxit:
985 4373 1032 4426 καὶ
1055 4373 1082 4424 οἱ
1105 4365 1231 4440 ἄρχοντες
1258 4373 1286 4426 οἱ
1308 4372 1356 4442 μὲν
1382 4374 1431 4426 τοῦ

262 4460 365 4528 παντὸς
382 4463 523 4532 στρατηγοί
541 4470 600 4533 etc,
617 4462 758 4530 ταξίαρχοι
775 4458 822 4513 καλ
839 4456 954 4528 οὐραγοί
972 4465 1031 4530 cta,
1048 4457 1094 4512 καλ
1111 4459 1166 4511 τοῖν
1184 4455 1286 4512 ἱππέων
1305 4460 1432 4528 ἵππαρχοι

262 4553 309 4609 καλ
327 4545 468 4620 φύλαρχοι,
