3180 5136
749 429 808 493 105

197 639 307 702 omisit
332 642 399 721 aut,
429 637 521 720 quod
541 637 748 720 probabilius
778 642 838 720 est,
860 639 895 700 in
918 639 1074 720 exemplo
1098 655 1118 700 a
1138 638 1278 700 Polluce
1300 636 1355 700 ad-

194 742 298 804 hibito
330 742 503 822 complura
530 741 777 805 interciderant.
827 742 967 804 fortasse
996 740 1095 803 simul
1124 741 1225 802 etiam
1253 739 1358 803 verba

195 845 250 905 καὶ
267 837 350 905 καθ’
368 842 508 926 ἑκάστην
527 880 570 890 -
594 847 740 924 κρίνουσι
761 845 796 906 in
819 845 964 906 alienam
986 843 1102 907 sedem
1123 845 1356 927 migraverant.

196 951 334 1030 apparet
366 949 466 1030 igitur
495 948 613 1010 falsam
642 949 745 1010 fuisse
771 947 952 1028 Droysenii
979 944 1357 1026 ratiocinationem¹¹³):

195 1069 282 1132 quae
311 1053 400 1114 enim
429 1050 567 1134 singulis
597 1050 844 1133 magistratibus
879 1055 1012 1132 praeter
1039 1069 1216 1114 numerum
1244 1049 1359 1114 addita

193 1154 316 1216 Pollux
344 1154 472 1236 legerat
501 1157 545 1232 (e.
570 1173 599 1236 g.
623 1155 657 1228 ἐξ
685 1148 842 1216 ἁπάντων
864 1149 1046 1236 Ἀθηναίων
1073 1157 1150 1236 post
1177 1151 1359 1237 ἱππάρχους

195 1254 278 1340 δύο),
303 1257 443 1320 eainira
465 1257 644 1338 separatim
668 1257 834 1339 exhibuit,
857 1256 915 1320 ubi
930 1257 1012 1319 nihil
1027 1257 1169 1338 amplius
1183 1258 1358 1320 invenerat

194 1357 277 1443 (scil.
303 1363 433 1422 tantum
457 1357 653 1441 στρατηγοὺς
670 1359 705 1432 ἐξ
720 1353 877 1420 ἁπάντων
900 1362 1119 1442 reppererat),
1141 1377 1262 1440 parvas
1284 1359 1358 1422 illas

193 1463 351 1544 reliquias
374 1480 435 1525 suo
458 1462 534 1525 loco
557 1478 627 1524 non
648 1462 763 1542 movit,
787 1479 873 1544 cum,
898 1479 986 1544 quae
1006 1463 1091 1524 inira
1105 1461 1267 1544 peculiari
1280 1464 1357 1526 loco

196 1564 704 1648 dignaesse11t,nonhaberet.
750 1563 810 1627 sed
839 1567 876 1627 ut
906 1563 1041 1627 tandem
1071 1581 1111 1627 eo
1141 1570 1358 1648 revertamur,

193 1669 285 1733 unde
314 1667 454 1751 digressi
481 1687 610 1730 sumus:
646 1669 774 1749 priores
803 1665 998 1748 εἰσαγωγέας
1026 1669 1167 1749 sumpsit
1193 1668 1317 1731 Pollux
1340 1687 1359 1730 e

193 1771 359 1852 Pamphili
389 1767 431 1834 de
453 1789 577 1834 novem
606 1770 821 1834 archontibus
848 1770 937 1853 loce,
966 1771 1089 1834 alteros
1119 1789 1162 1834 ex
1190 1788 1231 1834 ea
1258 1771 1359 1834 lexici

194 1874 315 1956 glossa,
333 1875 426 1936 ouius
450 1877 578 1936 restant
594 1874 756 1956 reliquiae
774 1873 863 1956 apud
881 1873 1026 1955 Hesych.
1040 1895 1071 1936 v.
1086 1871 1251 1956 εἰσαγωγῇ.
1279 1874 1359 1937 licet

193 1977 296 2058 plane
316 1977 407 2040 idem
429 1981 576 2040 statuere
598 1978 765 2059 possimus
789 1976 831 2040 de
854 1977 1033 2039 taxiarchis
1054 1976 1107 2039 bis
1130 1981 1162 2056 (ς
1177 1975 1219 2038 94
1235 1981 1269 2040 et
1282 1974 1357 2055 115)

196 2082 464 2144 commemoratis
486 2116 529 2126 -
550 2085 660 2158 nam§
681 2079 741 2143 114
762 2081 845 2143 nihil
867 2082 934 2143 huc
956 2081 1035 2142 facit
1056 2117 1098 2127 —
1135 2099 1234 2144 amen
1252 2099 1296 2144 ne
1312 2082 1356 2143 al-

195 2188 301 2246 terum
319 2183 456 2266 quidem
470 2184 585 2246 locum
597 2183 640 2246 ad
656 2185 802 2266 glossam
818 2183 965 2266 aliquam
980 2185 1149 2264 ταξίαρχοι
1163 2184 1358 2266 rettulerim,

194 2286 254 2349 sed
279 2305 354 2350 cum
375 2288 487 2370 potius
512 2304 552 2350 eo
576 2291 715 2369 spectet,
738 2291 775 2349 ut
796 2286 1001 2350 vocabulum
1024 2287 1237 2369 παραστίζειν
1256 2289 1357 2370 expli-

195 2393 296 2472 cetur,
319 2390 408 2453 malo
433 2408 510 2453 eum
532 2390 702 2470 Hesychio
732 2390 819 2453 duce
848 2391 981 2473 glossae
1011 2389 1053 2452 ab
1083 2391 1156 2472 ipsa
1183 2391 1247 2453 hac
1274 2409 1359 2454 voce

193 2492 365 2575 incipienti
388 2492 544 2556 tribuere.

277 2623 421 2685 Perveni
443 2641 533 2684 nunc
556 2621 723 2684 adfinem
747 2621 900 2704 opusculi
926 2622 1003 2704 mci,
1034 2639 1100 2704 quo
1130 2623 1263 2704 saepius
1292 2624 1357 2685 lec-

194 2730 283 2789 tores
305 2725 462 2808 relegavi.
494 2729 589 2788 extra
612 2743 746 2788 ornnem
770 2724 1012 2787 dubitationem
1031 2726 1178 2807 positum
1195 2731 1254 2808 est,
1279 2727 1359 2810 quin

192 2829 387 2912 Pamphilus
413 2827 456 2890 ad
480 2828 752 2911 componendum
773 2829 975 2891 immensum
997 2848 1095 2891 suum
1113 2833 1146 2891 et
1162 2829 1359 2893 admirabile

194 2950 278 3014 opus
300 2933 499 3015 ingentique
519 2931 706 2995 litterarum
729 2931 851 2994 damno
875 2949 965 2993 nunc
987 2930 1196 3013 deperditum
1213 2933 1358 3015 plurium

193 3038 368 3098 auctorum
396 3035 508 3098 lexico
536 3038 569 3096 et
599 3035 857 3098 commentarios
886 3033 1090 3117 adhibuerit,
1123 3036 1273 3118 inprimis
1301 3038 1357 3100 Di-

194 3137 295 3219 dymi.
328 3141 441 3201 tamen
465 3137 643 3201 observavi
665 3155 742 3200 eum
765 3137 885 3200 saltem
906 3139 941 3200 in
964 3139 1216 3220 antiquitatibus
1239 3139 1358 3204 Atticis

195 3243 295 3304 etiarn
318 3242 402 3304 alius
426 3241 557 3324 generis
580 3241 741 3322 scriptore
764 3259 862 3303 usmn
885 3257 969 3304 esse.
995 3241 1123 3324 pendet
1146 3245 1216 3305 tota
1239 3261 1356 3324 quaes-

195 3345 239 3406 tio
263 3363 284 3406 a
306 3361 391 3407 voce
419 3340 603 3426 ἐπιστάτης.
647 3361 734 3406 unus
762 3343 849 3406 hanc
876 3361 948 3407 rem
976 3345 1084 3427 attigit
1110 3345 1202 3408 Rose
1229 3366 1261 3427 p.
1285 3345 1357 3411 438.

194 3445 254 3510 sed
277 3465 354 3510 oum
377 3448 448 3510 eius
472 3446 652 3529 disputatio
674 3447 807 3528 longior
829 3447 880 3529 sit,
910 3465 1011 3528 quam
1040 3465 1127 3530 quae
1155 3448 1209 3511 hic
1238 3448 1359 3514 descri-

193 3549 308 3632 batur,
342 3550 488 3613 breviter
521 3567 597 3612 cam
632 3547 925 3630 comprehendam.
972 3567 991 3613 e
1023 3550 1091 3612 fine
1123 3550 1360 3633 Hesychianae

195 3653 328 3735 glossae
351 3650 527 3736 ἐπιστάτης
555 3671 632 3714 cum
653 3651 754 3733 Harp.
779 3654 973 3734 comparato
1002 3652 1151 3736 intellegi
1171 3655 1359 3738 Harpocra-

194 3757 308 3819 tionea
330 3752 378 3839 (et
400 3754 466 3818 alia
487 3757 522 3817 in
547 3756 665 3818 ceteris
687 3755 819 3833 lexicis)
844 3771 863 3816 e
885 3754 1033 3836 Didymo
1060 3757 1246 3839 repetenda
1275 3777 1358 3823 esse.

193 3859 302 3940 prima
322 3858 483 3940 Hesychii
503 3858 677 3921 Eustathio
700 3878 732 3940 p.
759 3854 840 3920 1827
864 3862 980 3941 (quem
1005 3859 1120 3923 locum
1147 3862 1233 3924 infra
1261 3864 1358 3926 ascri-

193 3961 287 4040 bam)
311 3961 528 4044 respondere,
552 3962 610 4045 qui
629 3961 688 4024 illo
710 3960 788 4025 loco
811 3962 921 4024 lexico
945 3980 1024 4025 usus
1043 3964 1085 4026 sit
1100 3964 1360 4047 Aristophanem

196 4065 363 4126 comicum
380 4061 606 4128 Callistratum
621 4063 808 4146 Telephum
823 4063 1083 4146 Aristophanem
1105 4069 1360 4148 grammaticum

196 4168 328 4230 citante.
361 4184 404 4231 ex
420 4167 541 4231 eodem
563 4162 673 4230 lexico
698 4167 878 4248 separatim
899 4167 1012 4249 plures
1035 4167 1163 4250 glossas
1186 4168 1360 4255 ἐπιστάτης

196 4269 333 4333 Suidam
358 4269 582 4352 descripsisse.
623 4271 734 4352 ipsum
755 4287 836 4332 vero
858 4269 942 4332 illud
963 4270 1099 4334 lexicon
1120 4273 1200 4338 satis
1223 4273 1360 4338 doctum

266 4579 315 4648 1η)
351 4598 376 4634 v.
394 4585 451 4636 not.
470 4579 495 4636 e.
