3180 5136
751 432 792 495 67

390 638 432 703 τὸ
456 640 499 701 έν
523 645 739 722 Φρεαττοῖ.

271 742 445 823 Expositio
475 744 655 807 maximam
685 747 815 826 partem
842 743 1064 806 Demostheni
1094 743 1244 808 debetur.
1292 742 1352 806 sed

186 844 269 906 libet
301 863 370 907 non
403 845 494 908 hunc
528 865 709 929 apponere,
744 846 805 908 sed
837 840 1154 928 Harpocrationem,
1189 848 1246 928 qui
1280 863 1352 909 ora-

187 949 267 1010 toris
300 947 405 1011 verba
439 950 518 1012 satis
552 949 695 1012 fideliter
729 948 918 1030 descripsit:
959 949 995 1010 έν
1029 952 1207 1030 Φρεαττοῖ;
1248 951 1352 1030 Δημο·

188 1052 308 1132 σθένης
344 1052 380 1112 ἐν
416 1055 460 1132 τῷ
498 1048 571 1114 κατ’
604 1047 870 1135 Ἀριστοκράτους
909 1053 984 1133 περὶ
1020 1054 1078 1114 τοῦ
1114 1052 1153 1114 έν
1190 1055 1357 1134 Φρεαττοῖ
1444 1067 1449 1076 ·

187 1151 393 1236 δικαστηρίου
429 1150 568 1238 ἀκριβῶς
603 1154 813 1238 διεξελήλυθε
846 1152 948 1237 λέγων
982 1149 1098 1227 οὕτωςε
1135 1151 1209 1235 ,,ἒ’τι
1244 1157 1354 1216 τοίνυν

187 1262 337 1336 πέμπτον
376 1255 584 1341 δικαστήριον
625 1253 707 1320 ἀλλο
749 1255 929 1320 θεάσασθε
969 1248 1041 1319 οἷον
1075 1251 1273 1340 ὑπερβέβηκε
1309 1254 1352 1319 τὸ

187 1361 230 1422 έν
262 1364 473 1440 Φρεαττοῖ.
517 1363 669 1424 ἐνταῦθα
701 1360 778 1443 γάρ,
813 1349 838 1423 ὦ
873 1355 988 1441 ἀνδρες
1015 1355 1194 1444 Ἀθηναῖοι,
1229 1357 1353 1422 κελεύει

188 1461 278 1536 δίκας
299 1457 432 1543 ὑπέχειν
454 1455 471 1527 δ
496 1461 605 1544 νόμος,
628 1463 700 1526 έάν
721 1487 780 1536 τις
803 1465 972 1544 ἑκουσίῳ
995 1461 1104 1546 φόνῳ
1127 1458 1353 1546 πεφευγὼς,

186 1563 282 1648 μήπω
298 1567 362 1628 τῶν
377 1563 604 1647 ἐκβαλλόντων
620 1562 721 1628 αὐτὸν
738 1563 932 1651 ᾐδεσμένων,
956 1563 1094 1628 αἰτίαν
1117 1563 1137 1625 ἔ
1139 1587 1158 1644 χ
1165 1588 1185 1650 η
1208 1566 1276 1626 ἑτέ
1282 1587 1299 1644 ρ
1310 1585 1353 1625 ου

188 1665 315 1749 φόνου
338 1670 561 1730 ἑκουσίου.“
604 1669 659 1730 καί
683 1667 755 1748 μετ’
783 1664 893 1750 ὀλίγον
921 1670 1020 1751 φησὶν
1052 1663 1175 1751 ,,ἥγαγε
1205 1665 1280 1740 τοὺς
1311 1666 1353 1727 δι-

186 1770 348 1845 κάσοντας
376 1763 413 1833 οῖ’
435 1771 638 1852 προσελθεῖν
666 1763 774 1834 οἷόντε
801 1772 929 1851 ἐκείνῳ,
959 1773 1013 1853 τῆς
1042 1768 1148 1850 χώρας
1178 1765 1354 1843 ἀποδείξας

188 1873 313 1936 τόπον
342 1873 435 1936 τινὰ
463 1876 505 1936 έν
528 1878 739 1956 Φρεαττοῖ
762 1871 1020 1954 καλούμενον
1048 1873 1114 1934 rut
1141 1871 1353 1954 θαλάττης

188 1975 357 2062 (θαλάττῃ
379 1978 504 2056 Dem.).
553 1971 634 2040 εἶθ’
671 1972 689 2041 ό
723 1981 795 2058 μὲν
828 1978 870 2038 έν
904 1975 1031 2056 πλοίῳ
1066 1973 1352 2056 προσπλεύσας

187 2077 308 2160 λέγει,
346 2081 414 2160 τῆς
453 2081 520 2160 γῆς
553 2074 623 2160 οὐχ
657 2073 904 2168 ἀπτόμενος,
947 2076 980 2140 οῖ
1012 2074 1042 2140 δ’
1079 2073 1264 2160 ἀκροῶνται
1297 2079 1352 2154 καί

187 2179 372 2256 δικάζουσιν
387 2183 442 2243 ἐπὶ
457 2185 512 2264 τῆς
526 2183 580 2263 γῆς
594 2229 600 2243 .
615 2229 623 2242 .
637 2227 645 2242 .
660 2187 695 2242 .“
723 2177 923 2262 ὠνομάσθαι
939 2177 968 2243 δ’
987 2179 1073 2243 ἔοικε
1092 2182 1129 2242 τὸ
1147 2178 1354 2263 δικαστήριον

187 2280 254 2346 ἀπό
273 2307 360 2358 τινος
379 2283 548 2365 Φρεάττου
568 2279 681 2368 ἥρωος,
705 2282 801 2346 καθά
824 2301 904 2366 φησι
928 2282 1143 2366 Θεόφραστος
1168 2283 1204 2345 έν
1227 2285 1266 2348 ις’
1289 2283 1354 2345 τῶν

186 2385 304 2467 νόμων.
340 2387 435 2450 rides
458 2391 666 2483 quaptopere
683 2387 806 2450 Pollux
820 2404 890 2450 non
906 2387 1016 2450 solum
1032 2404 1108 2448 cum
1122 2386 1354 2449 Demosthene

190 2489 249 2552 sed
270 2491 370 2552 etiam
393 2509 468 2553 curn
485 2491 586 2572 Harp.
605 2492 870 2553 Demosthenem
893 2494 1095 2572 excerpente
1112 2490 1288 2570 conspiret.
1319 2489 1353 2550 in

189 2592 255 2654 fine
274 2594 308 2655 in
332 2593 479 2656 diversas
502 2598 613 2675 partes
637 2593 778 2656 abeunt:
801 2612 880 2655 nam
902 2592 1026 2655 Pollux
1056 2591 1224 2674 quaedam
1251 2590 1353 2671 addit,

189 2713 275 2776 quae
300 2713 364 2759 nee
389 2697 627 2759 Demosthenis
654 2700 731 2758 sunt
755 2713 868 2777 neque
893 2695 995 2776 Harp.
1019 2694 1138 2777 habet,
1167 2695 1221 2756 hic
1246 2694 1353 2756 Theo-

185 2798 312 2879 phrasti
338 2799 534 2861 memoriam
563 2797 714 2880 adiungit
742 2798 833 2880 apud
854 2798 1028 2861 Pollucem
1054 2815 1123 2860 non
1154 2800 1352 2859 exstantem.

271 2961 464 3025 Transimus
492 2962 536 3024 ad
563 2963 694 3045 'rehqua
717 2961 905 3043 disasteria,
932 2960 1046 3024 locum
1069 2979 1089 3022 a
1110 2959 1261 3040 Polluce,
1290 2960 1353 3020 for-

187 3068 276 3126 tasse
304 3065 405 3126 etiam
433 3082 455 3125 a
481 3063 640 3146 hbrariiS,
675 3065 894 3127 vehementer
932 3066 1125 3144 corruptum
1160 3066 1193 3124 et
1227 3067 1353 3143 pertur-

184 3167 313 3230 batum.
342 3168 487 3248 primum
510 3169 718 3247 γνωρίμων
740 3164 1161 3248 δικαστηρίωνΡοΙΙοοὶ
1176 3168 1227 3226 est
1241 3158 1353 3248 ἡλιαία

187 3269 341 3332 coeteris
364 3269 588 3352 grammaticis
611 3274 786 3351 perpetue,
811 3269 902 3352 quod
925 3273 1074 3350 vocatur,
1099 3269 1246 3350 epitheto
1268 3273 1351 3349 μέγα

186 3372 242 3435 vel
264 3377 416 3452 μέγιστον
438 3369 645 3454 δικαστήριον
669 3377 795 3436 ornata.
826 3373 951 3453 excipit
974 3389 1049 3433 eam
1072 3373 1227 3452 τρίγωνον
1243 3370 1352 3432 aPol-

185 3474 263 3537 luce
287 3493 305 3536 e
327 3475 497 3536 Dinaroho
521 3478 701 3555 sumptum,
732 3474 773 3535 ab
802 3473 1069 3554 Harpocratione
1096 3490 1115 3533 e
1137 3473 1290 3555 Lycurgo
1321 3477 1354 3534 et

186 3576 381 3640 Menandro,
426 3577 492 3639 hoc
520 3576 619 3639 simul
649 3594 724 3637 cnm
753 3578 927 3658 sequente,
956 3574 1017 3636 sed
1046 3574 1113 3637 duo
1140 3573 1266 3637 iudicia
1292 3591 1352 3657 pro

185 3697 254 3743 uno
277 3679 453 3741 nominant
473 3679 570 3742 Phot.
593 3683 763 3762 τρίγωνονε
794 3677 1002 3762 δικαστήριον
1019 3671 1203 3760 Ἀθήνησιν,
1226 3672 1268 3751 ὡς
1291 3699 1351 3738 πα·

187 3779 348 3862 ράβοοτοι·
363 3783 418 3843 καὶ
432 3786 534 3860 μέσον
550 3786 593 3863 et,
621 3799 827 3864 quamquam
842 3781 1009 3844 constanti
1026 3781 1225 3862 corruptela,
1247 3781 1351 3842 schol,

188 3884 355 3965 Aristoph.
378 3883 479 3965 Vesp.
506 3881 566 3945 120
595 3882 658 3946 εἰσὶ
687 3882 721 3946 δὲ
752 3881 792 3961 δ’,
823 3882 1049 3966 παράβυστος,
1084 3880 1210 3958 καινός,
1242 3886 1352 3963 τρίγω-

189 4009 257 4066 νος,
279 3993 378 4066 μέσος
400 3979 453 4064 (τό
475 3985 588 4049 καινόν
611 3986 787 4068 adipsum
806 3986 1038 4067 Aristophanis
1060 3984 1173 4046 locum
1197 3989 1353 4065 spectat).

187 4107 252 4152 nec
274 4090 354 4151 mihi
378 4090 581 4152 Pausaniam
603 4091 629 4172 I,
652 4087 703 4173 28,
726 4086 800 4168 2⁷⁶)
831 4090 983 4170 ahosque
1007 4093 1041 4150 et
1063 4088 1213 4168 inprimis
1241 4089 1350 4168 ipsum

259 4313 300 4378 ⁷⁶)
336 4309 389 4363 ἔστι
413 4310 441 4364 δὲ
462 4306 613 4378 Ἀθηναίοις
639 4309 686 4363 καί
713 4301 777 4362 ἀλλα
805 4305 961 4378 δικαστήρια
989 4303 1039 4362 οὐκ
1066 4304 1092 4370 ἐς
1119 4309 1249 4362 τοσοῦτον
1276 4303 1356 4379 δόξης

186 4392 302 4467 ἥκοντα.
327 4393 357 4450 τὸ
376 4395 424 4466 μὲν
441 4388 491 4451 οὖν
508 4391 671 4465 καλούμενον
686 4391 868 4468 Παράβυστου
885 4397 931 4450 καλ
946 4398 1092 4465 Τρίηωνον,
1110 4389 1140 4447 τό
1154 4391 1201 4462 μὲν
1212 4392 1242 4448 ἐν
1255 4391 1360 4464 ἀφανεῖ

186 4485 233 4554 τῆς
250 4479 351 4547 πόλεως
370 4477 402 4537 δν
418 4482 464 4536 καί
483 4479 526 4536 ἐπ’
546 4481 689 4551 ἐλαχίστοις
707 4477 852 4536 συνιόντων
869 4481 896 4547 ἐς
914 4478 991 4550 αότό,
1008 4477 1039 4534 τὸ
1054 4479 1081 4534 δὲ
1094 4474 1149 4533 ἀπό
1163 4483 1211 4533 τοῦ
1225 4481 1355 4554 σχήματος

187 4566 289 4640 ἔχειτὰ
308 4565 438 4640 ὀνόματα.

1153 4668 1184 4720 5δῖ
