3180 5136
674 414 825 512 —ng—

169 641 248 685 ceos
281 622 377 685 locos
410 622 615 704 respicimus,
649 623 761 704 potius
789 622 901 684 nullus
930 626 989 684 651.
1033 623 1213 702 postquam
1242 621 1330 682 enim

167 725 290 787 Pollux
308 743 327 786 e
345 726 438 788 sonte
460 742 521 786 suo
545 724 799 788 dicasteriorum
822 724 1068 806 expositionem
1091 719 1330 803 (sur-121),

168 829 309 890 fortasse
331 827 480 890 indidem
503 828 604 891 etiam
625 824 1205 909 16116666122-124)1656616511,
1228 826 1331 888 alium

168 931 268 994 fontis
284 931 335 993 sui
349 931 463 992 locum
479 930 569 1012 61111,
582 930 640 993 611
655 931 699 994 16
711 931 839 1013 ephctis
852 929 1086 993 disserebatur.
1107 947 1284 1011 perperam
1294 929 1330 990 L.

168 1035 283 1115 Lange
295 1035 386 1111 (loco
399 1038 467 1096 not.
475 1031 517 1095 68
528 1033 665 1097 laudato
678 1055 710 1116 p.
719 1031 796 1112 207)
813 1033 855 1096 61
869 1034 1096 1096 coniecturam
1109 1032 1331 1095 Schoemenni

168 1135 387 1199 refellendam
412 1132 513 1198 etiam
535 1137 600 1199 hoc
623 1144 819 1219 argumento
834 1137 952 1199 utitur:
976 1137 1004 1198 si
1019 1135 1243 1198 Schoemanui
1258 1152 1330 1197 sen-

135 1253 137 1258 ·
168 1240 273 1301 tentia
301 1257 382 1301 vera
410 1243 514 1321 65561,
545 1244 634 1302 certe
661 1240 852 1321 Pollucem,
888 1258 962 1301 oum
993 1239 1142 1320 exegetis
1172 1238 1329 1301 continuo

169 1343 306 1423 ephetas
330 1341 499 1424 adiungat,
523 1342 649 1424 aliquid
673 1343 716 1406 de
737 1347 957 1424 utrorumque
980 1342 1217 1404 coniunctione
1239 1339 1330 1403 addi-

169 1449 278 1507 turum
301 1445 412 1508 161556.
443 1445 502 1508 561
525 1449 743 1527 exegetarum
757 1447 884 1508 mentio
901 1445 992 1526 apud
1006 1445 1180 1507 Pollucem
1194 1444 1332 1506 minime

170 1547 212 1609 61
236 1548 373 1629 ephetas
396 1552 535 1630 spectat,
558 1548 620 1610 561
641 1548 685 1611 61
709 1547 876 1630 διοσημίας
899 1547 1098 1610 iudiciorum
1122 1565 1225 1610 66656
1243 1563 1330 1608 com-

168 1654 379 1713 memoratas.
423 1667 523 1731 porro
548 1668 625 1712 cum
646 1651 770 1714 Pollux
793 1650 882 1714 dicat
910 1651 946 1712 ἐν
968 1655 1035 1722 τοῖς
1057 1654 1153 1712 πέντε
1171 1649 1330 1728 ’δικαστη-

167 1757 264 1836 ρίοις,
294 1753 437 1816 eumad
460 1753 675 1831 dicasteria§
700 1751 760 1816 117
767 1749 882 1816 -120
912 1753 1079 1834 descripta
1104 1753 1215 1834 ipsum
1242 1752 1331 1814 male

166 1857 355 1938 respexisse
365 1854 428 1937 87),
461 1856 497 1919 id
531 1874 618 1938 nego
648 1860 750 1939 atque
777 1875 936 1939 pernego.
980 1857 1083 1918 immo
1112 1857 1167 1919 hic
1196 1873 1331 1937 quoque

166 1963 294 2022 fontem
327 1978 425 2022 suum
454 1959 638 2041 descripsit,
671 1977 735 2022 666
757 1963 905 2022 statuere
926 1959 1006 2022 licet
1029 1977 1107 2021 eum
1128 1957 1331 2040 praeceden-

168 2065 251 2126 tium
272 2079 457 2125 memorem
473 2099 513 2108 -—
537 2064 673 2126 omnino
696 2080 809 2155 neque
832 2064 981 2145 quinque
1003 2066 1133 2124 tantum
1157 2062 1333 2126 dicasteria
1425 2109 1429 2116 .

167 2167 399 2229 nominaverat
421 2183 533 2248 neque
554 2167 662 2248 prima
685 2167 834 2248 quinque
855 2171 893 2228 ut
914 2163 1035 2248 φονιιιά
1057 2167 1273 2247 insigniverat
1289 2200 1332 2212 ·—-

169 2287 281 2333 errore
309 2275 406 2332 πέντε
433 2287 494 2352 pro
522 2275 678 2352 τέσσαρσι
706 2270 886 2351 scripsisse.
931 2289 1010 2331 nam
1042 2269 1166 2332 Pollux
1198 2270 1233 2331 in
1267 2269 1332 2330 hoc

171 2377 288 2435 octavo
317 2371 414 2454 libre,
449 2391 536 2454 quae
559 2378 617 2435 661
639 2374 816 2456 scripserat
842 2377 900 2434 aut
928 2373 1110 2454 scripturus
1139 2377 1220 2454 erat,
1248 2392 1330 2434 nun-

172 2493 270 2557 quam
296 2476 446 2558 curabat,
474 2476 535 2539 sed
557 2477 586 2539 51
608 2493 676 2558 qua
699 2476 857 2559 confudit,
887 2475 1037 2540 confudit
1065 2494 1107 2538 66
1132 2477 1215 2558 ipsa,
1245 2493 1332 2557 quae

171 2596 246 2640 eum
281 2579 427 2640 maxime
464 2579 638 2642 tractabat.
694 2583 728 2641 at
763 2597 882 2642 revera
917 2579 1148 2660 Harpocratio,
1187 2578 1331 2660 optimus

170 2684 294 2763 auctor,
317 2682 439 2744 totiens
460 2681 579 2744 iisdem
601 2682 748 2746 fontibus
771 2701 861 2763 usus,
885 2683 942 2764 qui
965 2683 1055 2745 56165
1073 2686 1206 2764 praeter
1219 2681 1331 2744 Pollu·

169 2802 243 2846 cem
270 2785 423 2848 locorum
451 2786 658 2848 mentionem
686 2787 779 2866 facit,
811 2789 969 2867 quattuor
997 2789 1127 2848 tantum
1156 2785 1332 2849 dicasteria

168 2887 291 2950 diserte
319 2891 493 2970 memorat,
524 2887 567 2950 de
594 2888 683 2951 Areo
712 2906 800 2971 pago
829 2889 914 2952 silet.
958 2888 1019 2952 561
1046 2888 1267 2970 Harpocratio
1296 2889 1331 2949 in

166 2993 247 3073 ipsis
268 2990 333 3054 illis
356 2996 515 3073 quattuor
538 2991 720 3056 dicasteriis
738 2993 866 3074 (glossa
879 2986 1000 3074 ’Άρειος
1016 2991 1120 3074 πάγος
1135 3010 1225 3055 6666
1241 2991 1331 3074 apud

168 3114 246 3157 eum
268 3113 337 3157 non
358 3095 493 3178 legitur)
518 3101 673 3160 auctores
691 3097 874 3159 maximam
888 3101 1019 3178 partem
1035 3096 1209 3160 aPolluce
1225 3095 1331 3160 diver-

167 3215 223 3261 565
246 3203 380 3260 5666165
404 3203 484 3262 erat.
530 3201 700 3282 quaeritur
720 3201 830 3282 igitur,
861 3200 935 3282 quis
963 3201 997 3262 16
1025 3201 1090 3264 illie
1118 3200 1237 3282 glossis
1260 3200 1331 3261 6165

167 3306 284 3365 auctor
306 3302 412 3364 fuerit.
443 3304 587 3384 primurn
610 3308 741 3366 6665161
757 3304 1058 3384 Harpocrationem
1077 3303 1157 3384 (vel,
1173 3304 1200 3365 si
1215 3302 1331 3383 mavis,

168 3423 246 3468 eum
268 3405 369 3467 lexici
390 3405 547 3469 rhetorici
570 3406 788 3486 conditorem,
818 3423 920 3488 quem
949 3406 1139 3488 exscripsit)
1164 3423 1331 3469 commcn-

170 3510 260 3572 tariis
283 3508 326 3571 ad
350 3514 500 3571 oratores
522 3529 620 3572 usum
643 3527 725 3572 esse.
772 3508 895 3571 deinde
917 3509 979 3572 sub
1003 3509 1144 3571 vocibus
1166 3510 1221 3570 ἐπὶ
1243 3507 1331 3570 1161-

167 3609 280 3692 161161,
302 3613 357 3674 ἐπὶ
379 3610 553 3696 Δελφινίῳ,
582 3613 618 3674 ἐν
647 3615 814 3690 Φρεαττοῖ
838 3611 968 3675 disertis
996 3612 1107 3675 verbis
1136 3613 1244 3676 solam
1266 3614 1331 3675 De-

160 3716 352 3778 mosthenis
380 3715 652 3798 Aristocrateam,
682 3717 813 3779 etiamsi
838 3715 918 3779 inde
945 3717 1028 3779 nihil
1056 3717 1175 3799 hausit,
1204 3716 1330 3798 166161,

168 3837 193 3882 5.
205 3839 237 3880 v.
253 3819 307 3880 ἐπὶ
322 3821 514 3900 Πρυτανείῳ
537 3819 637 3882 166116
660 3819 828 3901 exscribit,
852 3837 928 3881 cum
949 3819 1008 3880 illa
1031 3818 1208 3882 dicasteria
1230 3819 1331 3881 etiam

168 3922 241 3984 aliis
281 3925 451 3984 oratorum
488 3921 571 3984 locis
604 3926 694 3985 certe
728 3925 991 3986 commemorata
1023 3925 1090 3985 sint
1122 3926 1156 3986 et
1187 3941 1265 4004 pars
1295 3923 1331 3984 in

168 4025 288 4087 nostris
312 4042 449 4106 quoque
470 4024 619 4107 reliquiis
636 4028 916 4088 commemoretur
932 4022 984 4104 (ul
1000 4026 1055 4086 ἐπὶ
1070 4023 1239 4107 Δελφινίῳ·
1249 4025 1330 4088 Har·

168 4129 319 4211 pacratio
342 4127 701 4210 mesammones
724 4146 743 4191 6
764 4130 861 4192 Dem.
884 4129 943 4190 XL
968 4126 1004 4190 11
1030 4130 1134 4207 citat).
1172 4133 1282 4191 16615.
1299 4150 1329 4191 v.

168 4232 285 4315 ἐφέται
308 4231 351 4295 61
377 4230 519 4294 eandem
541 4231 777 4296 Demosthenis
807 4232 993 4295 orationem
1022 4232 1130 4316 solam
1159 4236 1331 4314 provocat,

167 4425 470 4434 ...—-—--—--—-....-.-

239 4559 276 4625 81)
311 4557 341 4610 11
352 4558 437 4640 ¹quod
455 4559 527 4613 16616
545 4560 665 4628 arripiam
683 4557 930 4625 Harpocrationem
948 4560 1119 4626 comparanti
1132 4556 1220 4613 videri
1231 4559 1330 4630 potest
