3180 5136
784 419 934 518 „32-

275 644 335 689 nes
358 626 493 710 habere,
517 627 639 691 deinde
662 624 759 710 στήλη
783 627 824 690 ab
840 625 1436 690 Ε101οο1110110011011001101000010-

275 747 347 790 rem
380 734 551 794 monstret.
595 731 824 794 Eratosthenis
857 731 930 794 sola
962 730 1128 812 posterior
1162 728 1342 812 explicatio
1376 731 1436 808 001,

275 833 365 913 prior
388 835 441 896 oui
463 834 640 897 tribuenda
662 835 712 916 sit,
742 834 853 896 statim
874 833 1072 897 videbimus.
1118 829 1216 918 στήλη
1239 832 1329 894 enim
1351 847 1438 894 voce

275 936 309 998 in
332 935 462 1017 κύρβεσι
491 936 700 1000 declarandis
725 955 803 999 usus
827 940 877 1000 est
898 935 1127 1018 Apollodorus
1161 933 1254 1014 (vide
1280 934 1381 1016 Harp.
1405 955 1438 996 v.

274 1037 400 1118 κύρβεις
429 1043 463 1102 01
490 1041 593 1103 schol.
617 1040 774 1121 Apollon.
802 1039 913 1103 Rhod.
936 1040 982 1102 IV
1005 1035 1094 1117 280).
1138 1039 1262 1100 iamsi
1292 1037 1438 1100 eundern

275 1141 365 1224 apud
398 1143 500 1205 schol.
529 1143 628 1206 Arist.
658 1143 720 1206 Av.
752 1141 833 1205 1354
866 1143 1054 1206 Aristotelis
1085 1143 1223 1206 nomine
1256 1142 1363 1205 eiecto
1375 1137 1436 1218 105)

274 1243 400 1323 κύρβεις
422 1246 470 1308 010
493 1245 632 1309 definire
653 1244 849 1310 viderimus:
884 1239 997 1320 ἄξονες
1025 1247 1184 1327 τρίγονοι,
1213 1245 1249 1306 ἐν
1277 1235 1326 1317 οἷς
1353 1231 1438 1324 ήσαν
1485 1244 1489 1252 ’

275 1345 307 1408 οἱ
328 1349 393 1410 τῶν
415 1346 543 1410 πόλεων
565 1347 660 1430 νόμοι
682 1354 896 1432 γεγραμμένοι
923 1349 979 1410 καὶ
1007 1345 1044 1411 αἱ
1071 1347 1222 1432 δημοσίαν
1250 1344 1436 1430 ἱεροποιίαι,

274 1447 430 1533 καθάπερ
455 1453 525 1531 (nal
540 1447 773 1536 Ἀριστοτέλης)
797 1453 877 1536 φησὶ
890 1453 945 1513 καὶ
956 1447 1196 1534 Ἀπολλόδωρος
1212 1450 1359 1530 (01100101
1373 1450 1437 1514 ior-

275 1557 364 1616 tesse
386 1555 573 1618 accuratius
596 1557 638 1618 sit
660 1556 763 1618 schol.
779 1555 936 1638 Apollon.
961 1555 982 1616 l.
998 1555 1020 1617 l.
1035 1549 1276 1636 Ἀπολλόδωρος
1300 1551 1336 1614 δέ
1356 1570 1436 1635 φησι

274 1659 387 1718 πᾶσαν
412 1655 571 1740 δημοσίαν
599 1659 726 1740 γραφήν
754 1659 809 1720 καὶ
839 1655 957 1737 νόμους
983 1655 1097 1741 κύρβιν
1125 1655 1330 1737 καλεῖσθαι),
1364 1656 1437 1717 01110

275 1759 377 1823 dubio
402 1762 502 1823 etiam
517 1761 692 1824 Timaeum
706 1762 772 1824 lex.
789 1762 873 1824 Plet.
889 1759 1013 1844 κύρβιςε
1025 1763 1027 1766 ’
1038 1757 1135 1843 στήλη
1157 1763 1311 1841 τρίγωνος
1333 1780 1434 1838 πνρα-

273 1860 418 1946 μοειδής,
442 1863 562 1944 νόμους
584 1861 706 1945 ἔχουσα
726 1865 801 1944 περὶ
824 1866 915 1926 θεῶν
943 1865 1021 1926 hino
1042 1862 1192 1946 pendere
1213 1861 1435 1926 iudicabimus

272 1966 422 2048 itemque
450 1967 659 2030 decurtatam
686 1967 846 2048 Hesychii
880 1968 1141 2049 explicationem
1175 1964 1300 2046 κύρβιςε
1337 1962 1435 2047 στήλη

273 2072 435 2148 τρίγωνος.
479 2072 680 2134 miserrimas
708 2071 846 2134 lacinias
875 2072 980 2133 habes
1015 2088 1059 2132 ex
1087 2069 1291 2151 amplissima
1328 2069 1435 2149 copia.

272 2173 442 2253 Hesychio
462 2173 630 2236 simillima
646 2174 787 2256 praebet
802 2174 1003 2256 principium
1021 2172 1139 2236 scholii
1155 2172 1312 2253 Apollon.
1324 2168 1434 2233 Rhod.

272 2275 293 2338 l.
309 2276 330 2338 l.
353 2276 464 2358 ipsum
488 2294 623 2361 quoque
645 2278 862 2340 vehementer
884 2273 1131 2353 turbatum.¹⁰⁶)

356 2414 474 2477 Insunt
500 2418 613 2476 autem
641 2416 675 2476 in
704 2418 823 2477 octavo
851 2413 998 2476 Pollucis
1026 2412 1111 2476 libro
1143 2412 1260 2492 etiam,
1293 2428 1434 2492 quorum

271 2534 341 2580 non
373 2517 476 2580 modo
511 2516 671 2581 lemmata
699 2515 759 2580 sed
788 2517 889 2579 etiam
917 2515 1167 2597 explicationes
1187 2515 1364 2577 manifesto
1393 2513 1436 2576 ad

274 2620 419 2684 comicos
443 2624 603 2702 spectent.
650 2638 737 2702 0000
766 2638 826 2683 000
858 2618 1007 2700 quidque
1034 2617 1111 2680 loco
1142 2617 1310 2683 adnotavi.
1354 2617 1435 2680 lem·

272 2726 362 2786 mata
386 2728 499 2786 autem
521 2724 612 2787 dioc:
636 2742 715 2786 nam
736 2741 846 2804 paene
863 2723 976 2785 omnia
990 2721 1177 2803 glossarum
1193 2721 1341 2802 speciem
1355 2737 1433 2803 prae

271 2844 308 2890 00
330 2828 416 2890 ferre
437 2827 531 2891 nullo
553 2827 688 2890 vinculo
711 2828 798 2890 inter
820 2843 856 2888 00
880 2825 1133 2887 coniunctorum
1148 2824 1222 2907 quis
1237 2840 1308 2886 non
1322 2822 1430 2886 videt?

271 2935 348 2992 sunt
369 2936 546 3011 praeterea
569 2933 660 2993 certa
680 2930 813 3012 indicia,
844 2945 931 3011 quae
961 2928 1004 2992 ad
1030 2929 1218 2991 lexicorum
1247 2947 1345 2990 usum
1373 2945 1432 2990 nos

272 3032 407 3095 ducunt.
451 3034 618 3115 inspicias,
653 3051 789 3117 000000,
824 3037 856 3109 §§
882 3029 1076 3094 108-111:
1105 3032 1250 3112 primum
1278 3029 1434 3113 δήμαρχοι

272 3136 490 3219 explicantur,
524 3140 595 3198 tum
622 3139 816 3217 ναοκραρία,
848 3138 1018 3216 postremo
1049 3131 1161 3215 φυλαί.
1206 3133 1266 3196 sed
1299 3135 1327 3195 si
1362 3134 1434 3216 quis

272 3238 458 3302 secundum
479 3243 634 3302 naturam
655 3257 767 3302 rerum
789 3236 974 3320 procedere
995 3236 1143 3320 volebat,
1173 3236 1320 3299 debebat
1349 3235 1433 3298 ordi-

270 3360 349 3404 nem
370 3343 472 3424 plane
493 3343 669 3405 invertere.
699 3342 806 3423 primo
828 3343 905 3406 1000
923 3339 1154 3404 disserendum
1170 3345 1241 3403 erat
1256 3339 1299 3402 de
1313 3340 1434 3422 phylis,

271 3447 331 3508 has
354 3446 511 3527 excipere
534 3444 704 3508 debebant
732 3447 938 3528 naucrariae,
967 3445 1001 3507 in
1029 3444 1149 3506 harum
1175 3443 1288 3507 locum
1317 3461 1433 3507 secun-

272 3548 352 3611 dum
373 3549 483 3629 ipsum
505 3547 680 3611 Pollucem
702 3552 936 3611 successerunt
952 3547 1050 3629 demi,
1073 3547 1108 3608 in
1123 3529 1363 3608 naucrarorum
1380 3545 1434 3609 de·

269 3652 406 3714 marchi,
443 3650 535 3714 unde
556 3652 655 3733 igitur
676 3652 740 3714 iste
761 3651 908 3714 Pollucis
932 3650 1038 3714 ordo?
1075 3650 1202 3711 scilieet
1224 3649 1330 3730 primo
1354 3647 1436 3712 adiit

269 3757 304 3817 in
333 3754 444 3817 lexico
473 3771 534 3816 suo
563 3773 684 3818 vocem
712 3751 879 3837 δήμαρχοι,
907 3752 955 3816 ibi
984 3752 1334 3816 commemorabantur
1362 3773 1435 3813 καο-

271 3860 415 3940 κραρίαι.
447 3858 562 3939 110000
579 3857 762 3919 camillam
779 3855 1017 3938 descripsisset,
1039 3856 1127 3919 hanc
1142 3855 1289 3938 glossam
1305 3854 1433 3937 quaesi-

270 3962 327 4024 vit.
371 3961 418 4023 ibi
445 3961 621 4042 phylarum
651 3961 777 4023 mentio
800 3959 918 4038 fiebat3
949 3977 1053 4040 quare
1082 3958 1163 4021 adiit
1189 3975 1309 4020 vocem
1338 3955 1433 4040 φυλή,

270 4063 362 4127 0οι10
383 4063 513 4145 1011000
536 4064 718 4146 descripsit.
764 4067 807 4145 01,
830 4063 938 4145 1110011
959 4061 1080 4126 Rchde
1103 4061 1177 4141 (1.1.
1195 4081 1227 4144 p.
1245 4059 1311 4142 11),
1334 4061 1433 4123 1101110

344 4374 392 4441 ¹⁰⁵)
427 4376 461 4428 01.
479 4375 553 4428 11000
571 4392 598 4443 p.
612 4374 672 4428 413.

343 4478 391 4544 ¹⁰⁶)
426 4473 548 4548 κύρβιας]
567 4472 668 4544 στήλας.
704 4474 768 4545 λέγει
787 4475 815 4532 δὲ
832 4474 897 4541 τούς
914 4470 1022 4544 ἄξονας,
1040 4473 1068 4530 ἐν
1086 4473 1127 4540 οἷς
1145 4475 1173 4530 ολ
1183 4470 1263 4544 νόμοι
1274 4468 1433 4543 γράφονται,

271 4557 307 4633 ὥς
322 4558 517 4638 Ἀριστοφάνης
535 4559 549 4618 ὁ
568 4559 690 4635 κωμικός.
