3194 5136
697 411 848 512 *AL

276 620 458 683 Videamus
491 639 591 702 nunc,
626 639 707 682 num
742 619 822 702 quid
855 620 1070 683 Aristoteliae
1097 619 1280 682 memoriae
1309 615 1352 678 de

191 726 305 805 trittye
319 725 485 805 possimus
500 724 710 805 investigare.
744 723 851 786 sicubi
864 723 922 786 ille
938 723 981 786 de
996 724 1059 787 hac
1075 726 1198 804 egerat,
1212 737 1353 784 necessa

192 830 243 891 est
255 844 332 889 eum
342 825 468 889 ibidem
481 827 582 889 etiam
594 824 637 888 de
648 826 831 888 naucrariis
843 826 1048 906 exposuisse.
1062 829 1096 888 et
1106 824 1269 887 habemus
1283 823 1353 886 eius

193 931 420 994 testimonium
442 929 532 1010 apud
547 929 704 992 Photium
725 929 760 991 in
775 929 842 991 fine
862 929 930 990 loci
951 947 1052 1011 supra
1073 925 1118 1012 (p.
1142 925 1198 1004 40)
1216 925 1353 1016 laudati.

194 1038 305 1095 tamen
327 1033 392 1094 ista
412 1051 483 1095 non
504 1033 608 1113 ipsius
631 1031 819 1094 Aristotelis
841 1031 946 1094 verba
974 1049 1048 1094 esse
1068 1049 1128 1113 pro
1154 1034 1243 1092 certo
1267 1031 1354 1093 sumi

191 1139 312 1217 potest,
330 1134 390 1198 sed
409 1138 590 1198 eatantum
610 1138 769 1216 excerpta
781 1152 855 1198 esse
866 1135 977 1198 verbis
995 1135 1030 1196 ἐκ
1048 1136 1103 1216 τῆς
1114 1129 1355 1214 Ἀριστοτέλους

192 1236 358 1310 πολιτείας
380 1237 472 1300 videt
460 1241 512 1299 tur
533 1237 681 1300 indicari
716 1239 867 1300 conferas
890 1243 948 1300 aut
950 1256 1003 1302 em
1017 1239 1102 1300 haec
1126 1255 1201 1300 cum
1215 1236 1355 1298 Polluce

193 1346 224 1421 (5
250 1339 393 1423 108),11
381 1341 504 1404 tArist
491 1341 574 1403 totel
576 1358 629 1402 em
652 1341 902 1404 t‘tehabore
852 1361 887 1402 m
890 1341 1037 1424 t,cllcges
1059 1341 1129 1414 nisi
1152 1339 1243 1422 quod
1265 1338 1355 1420 apud

191 1445 366 1508 Pollucem
397 1461 437 1506 ea
466 1443 602 1525 desunt,
639 1443 760 1525 quibus
794 1445 951 1506 transitus
984 1443 1087 1506 fiebat
1120 1461 1140 1504 a
1167 1442 1277 1524 phylis
1312 1439 1356 1504 ad

192 1549 384 1611 naucrarias
419 1549 569 1627 atquae
597 1547 736 1618 Photius
768 1548 817 1610 ita
850 1547 1073 1628 exprimitis
1103 1545 1137 1608 δὲ
1165 1547 1220 1628 τῆς
1253 1542 1356 1627 patric

194 1648 327 1732 ἑκάστης
348 1637 432 1732 ἦσαν
453 1654 667 1732 νενεμημένοι
681 1645 825 1730 τριττύες
842 1653 903 1729 μὲν
925 1653 1019 1729 τρεῖς.
1053 1649 1153 1711 ctiam
1167 1647 1356 1728 Hesychius

195 1750 404 1833 (ναύκλαροιῑ
429 1749 598 1834 δήμαρχοι.
634 1745 804 1834 ὑπηρέται.
842 1751 1031 1836 (ναύκληροι
1055 1750 1089 1813 δὲ
1112 1752 1247 1832 ἐρέται.)
1271 1753 1356 1824 τινὲς

199 1855 234 1917 δὲ
257 1851 315 1939 ἀφ’
339 1852 475 1937 ἑκάστης
498 1853 600 1937 φυλῆς
623 1852 757 1938 δώδεκα,
787 1852 902 1929 οἵτινες
926 1851 984 1939 ἀφ’
1012 1852 1148 1938 ἑκάστης
1170 1853 1277 1934 χώρας
1298 1851 1358 1926 τὰς

198 1956 356 2042 εἰσφοράς
378 1957 532 2039 ἐξέλεγον.
577 1952 714 2039 ὕστερον
743 1957 777 2020 δὲ
801 1955 959 2041 δήμαρχοι
981 1956 1197 2041 ἐκλήθησαν),
1226 1975 1302 2019 cum
1325 1961 1358 2019 11

193 2064 228 2125 in
250 2062 415 2144 prioribus
439 2080 515 2124 cum
529 2061 658 2125 Aristo
608 2062 712 2125 ttle
734 2061 824 2145 apud
838 2063 995 2125 Photium
1016 2061 1172 2124 faciatet
1138 2060 1357 2142 etiuprimis,

116 2183 119 2190 ’
195 2183 283 2247 quae
310 2165 449 2228 Photius
477 2165 565 2227 inter
590 2164 702 2228 Aristo
705 2165 822 2228 telist
808 2170 859 2228 tes
861 2165 1001 2228 timonia
1028 2163 1132 2226 habet
1119 2157 1296 2247 1ῧστερον
1324 2161 1359 2224 δὲ

196 2263 263 2330 άπὸ
287 2265 506 2341 Κλεισθένους
528 2267 626 2351 δημοί
646 2266 728 2330 εἰσιν
751 2269 806 2330 καλ
829 2266 989 2351 ὃημαρχοι
1010 2264 1209 2350 ἐκλήθησαν,
1239 2266 1359 2329 eadem

196 2371 286 2435 haud
310 2370 412 2434 dubie
426 2371 549 2434 rectius
570 2373 605 2432 in
618 2372 686 2433 fine
701 2373 894 2454 servaverit,
918 2388 1131 2435 communem
1146 2389 1223 2432 cum
1237 2370 1357 2432 Photio

199 2476 359 2558 originem
381 2474 493 2556 habet,
516 2472 551 2535 id
575 2473 667 2556 quod
688 2492 759 2537 non
780 2474 931 2558 negabis,
960 2474 1018 2537 ubi
1040 2473 1231 2537 memineris
1252 2472 1358 2553 Hesy-

200 2578 308 2641 chium
332 2577 523 2640 testimonia
537 2578 755 2640 vehementer
779 2581 950 2640 contracta
964 2578 1062 2640 nobis
1085 2576 1218 2639 tradere
1240 2576 1358 2640 solere.

199 2686 233 2744 at
257 2683 292 2744 in
321 2681 433 2744 media
466 2681 580 2762 glossa
607 2680 797 2762 Hesychius
834 2701 947 2744 rursus
981 2699 1069 2743 unus
1099 2681 1248 2743 omnium
1283 2697 1359 2741 cum

195 2785 336 2849 Polluce
352 2784 526 2846 consentit.
550 2784 665 2864 itaque
686 2781 781 2860 §108
804 2784 942 2866 (locum,
966 2785 1023 2865 qui
1039 2786 1090 2846 est
1110 2782 1153 2845 de
1167 2785 1359 2865 naucrariis,

198 2888 289 2966 dico)
314 2905 357 2950 ex
379 2885 560 2949 Aristotele
582 2885 720 2949 fluxisse
742 2905 858 2968 nunc,.
872 2888 899 2950 si
922 2887 1128 2950 accuratiore
1151 2891 1359 2968 argumenta-

195 2993 288 3055 tione
317 3009 401 3072 opus
431 2993 516 3071 erat,
550 2991 765 3053 manifestum
801 2995 860 3053 est.
913 2992 1064 3054 conferas
1101 2989 1224 3052 deinde
1250 2991 1360 3053 Photii

195 3093 411 3157 Aristotelem
435 3094 535 3155 etiam
559 3111 635 3154 cum
659 3097 673 3169 5
699 3091 769 3175 lll,
792 3112 856 3156 nec
879 3093 1057 3177 dubitabis,
1081 3095 1161 3176 quin
1184 3098 1217 3156 et
1237 3093 1360 3156 Pollux

197 3201 228 3276 [5
254 3193 315 3258 108
338 3200 372 3258 11
397 3193 471 3274 111)
497 3199 531 3258 11
551 3196 691 3258 Photius
714 3196 757 3259 ad
780 3197 926 3260 eundem
941 3198 1130 3262 Aristotelis
1152 3198 1265 3260 locum
1288 3215 1360 3279 per-

197 3300 335 3380 tineant,
360 3317 436 3361 cum
451 3297 542 3380 apud
556 3299 730 3362 Pollucem
754 3298 879 3379 (1111)
904 3317 1039 3383 quoque
1054 3302 1233 3384 phylarum
1256 3301 1360 3364 distri·

198 3401 372 3465 butionem
400 3402 551 3484 uberior,
581 3420 785 3484 quamquam
808 3402 851 3465 de
872 3420 941 3466 uno
963 3400 1068 3477 ἔθνει,
1098 3402 1277 3486 explicatio
1305 3421 1360 3466 ex-

198 3506 307 3588 cipiat.
351 3523 405 3568 res
428 3506 612 3568 certissima
633 3505 692 3568 fiet
713 3505 840 3568 scholio
866 3506 950 3568 Plat.
979 3507 1072 3588 polit.
1095 3527 1127 3588 p.
1150 3504 1212 3568 475
1234 3507 1265 3570 A
1289 3505 1362 3585 (ubi

199 3626 312 3672 errore
335 3607 453 3671 decem
481 3609 606 3690 phylae
628 3626 688 3690 pro
714 3611 872 3690 quattuor
894 3608 1081 3688 dicuntur):
1105 3603 1262 3693 Ἀθήνησι
1284 3608 1362 3670 δέκα

197 3715 257 3792 μὲν
278 3700 363 3794 ἦσαν
384 3709 497 3794 φυλαί.
542 3708 672 3797 διῄρητο
697 3709 732 3771 δ’
752 3707 871 3792 ἑκάστη
894 3707 1018 3773 τούτων
1040 3709 1086 3786 εἰς
1102 3715 1186 3797 τρία,
1210 3710 1255 3785 εἰς
1278 3733 1360 3794 τριτ·

198 3811 286 3889 τύας,
309 3812 354 3888 εἰς
376 3811 470 3897 ἔθνη,
494 3812 539 3888 εἰς
562 3817 733 3897 φρατρίας.
764 3811 798 3876 οἱ
814 3802 872 3877 οὗν
887 3812 1023 3898 ἑκάστης
1045 3813 1192 3899 τριττάος
1208 3811 1361 3899 ἄρχοντες

197 3915 406 4001 τριττάαρχοί
419 3939 454 3980 τε
392 3916 648 3980 1καλοονιαι
663 3918 718 3979 καλ
733 3920 1016 4000 τριττυαρχοῦσιν
1040 3919 1153 4001 priora
1167 3921 1245 3981 sunt
1260 3918 1362 3980 etiam
1431 3947 1438 3964 r

197 4021 260 4083 Po
261 4020 410 4083 luc1s
375 4025 425 4099 (et
412 4020 580 4084 tAristot
530 4021 668 4103 ttelis),
699 4024 776 4102 post
778 4021 886 4083 eriora
912 4021 986 4102 ipsa
1009 4038 1145 4102 quoque
1174 4019 1265 4103 apud
1285 4021 1360 4083 Pol-

195 4123 307 4186 lucem
329 4124 495 4206 leguntur,
518 4122 579 4187 sed
599 4128 691 4186 recte
713 4127 791 4205 post
811 4124 1059 4186 naucrariarum
1085 4121 1360 4205 explicationem,

199 4246 300 4309 quam
333 4228 375 4290 ab
409 4227 499 4290 Arist
486 4231 535 4290 01
522 4227 590 4290 1111
621 4231 717 4309 repet
704 4227 841 4291 tendam
871 4245 945 4289 csse
979 4226 1081 4290 modo
1121 4225 1272 4291 vidimus.
1326 4228 1361 4290 in

198 4329 326 4392 scholio
348 4330 433 4392 Plat.
455 4330 541 4392 haec
562 4349 639 4413 pars
660 4326 893 4408 intercidit⁴⁹).

267 4499 306 4567 40)
341 4500 416 4554 Rcse
433 4517 460 4568 p.
478 4499 529 4553 409
547 4499 621 4551 huuc
639 4498 817 4552 scholiastam
828 4500 970 4553 Pollucem
989 4501 1160 4568 excerpsisse
1179 4489 1359 4554 1111111111-

198 4589 333 4656 pressisse
351 4588 510 4641 arbitratur.
544 4588 630 4640 mirus
648 4588 773 4656 profecto
793 4603 872 4641 casus
895 4587 941 4639 vel
959 4589 1030 4641 mira
1051 4589 1199 4657 sagacitate
1217 4586 1359 4656 praeditus
