3194 5136
717 427 781 492 lo

183 652 271 715 quae
300 653 375 696 cum
409 639 566 716 quattuor
592 637 784 698 0000101100
815 637 1030 718 continuerit,
1061 638 1231 718 quomodo
1260 637 1344 701 illud

183 738 255 798 fieri
283 739 445 821 potuerit,
482 757 551 801 non
579 741 786 821 perspicitur.
838 740 936 802 facile
969 741 1069 822 igitur
1102 741 1345 823 suspicabimur

183 839 455 922 011001τριττίας
485 861 561 904 curn
582 843 718 924 reliquis
748 843 879 906 duabus
901 843 1080 925 phylarum
1108 844 1353 910 distributioni.

182 943 244 1005 bus
269 946 423 1007 confusas
447 963 521 1007 esse
544 950 645 1027 01000
673 946 771 1008 huius
801 947 920 1008 erroris
950 946 1049 1027 culpa
1077 947 1218 1010 fortasse
1240 949 1343 1028 ipsius

181 1045 368 1109 Aristotelis
393 1052 451 1110 001.
498 1050 554 1129 001
584 1066 661 1109 crim
684 1049 869 1112 secundum
899 1049 1001 1111 schol.
1024 1050 1108 1111 Plat.
1132 1049 1273 1115 Axioch.
1297 1054 1344 1113 ita

180 1148 313 1212 locutus
336 1151 391 1212 sit:
415 1155 480 1212 τῶν
503 1149 666 1233 dictricis
689 1151 824 1234 ἑκάστης
839 1153 957 1232 μοίρας
979 1144 1064 1213 εἶναι
1079 1158 1176 1234 τρεῖς,
1199 1150 1237 1227 ἃς
1260 1177 1343 1237 τριτ-

181 1250 259 1326 τύας
280 1277 316 1314 τε
337 1253 473 1316 καλοῦσι
497 1255 564 1332 [καλ
588 1252 683 1336 ἔθνη]
708 1255 764 1315 καὶ
795 1257 966 1338 φρατρίας,
995 1252 1131 1338 ἑκάστης
1160 1255 1194 1318 δὲ
1222 1257 1344 1320 τούτων

183 1353 360 1436 τριάκοντα
383 1351 468 1420 εἶναι
490 1363 562 1440 γένη
586 1382 614 1418 κ.
638 1380 664 1418 τ.
682 1355 725 1440 λ.,
748 1357 853 1420 verba
868 1358 1004 1440 ἑκάστης
1026 1355 1149 1420 τούτων
1172 1359 1344 1424 adomnia

184 1459 246 1520 tria
268 1458 508 1524 distributionis
538 1479 664 1544 genera
691 1461 819 1523 rettulit
847 1461 1032 1524 communis
1068 1463 1167 1524 trirnn
1194 1465 1342 1528 Pollucis

180 1561 333 1625 locorum
357 1567 388 1643 (§
416 1561 486 1645 109,
510 1569 525 1641 §
551 1562 621 1646 111,
644 1563 692 1626 ΠΙ
715 1559 771 1642 52)
796 1567 914 1626 auctor
936 1567 970 1625 et
991 1565 1128 1645 singulis
1150 1566 1214 1628 11110
1238 1567 1343 1630 (110111-
1376 1645 1379 1650 .

182 1664 328 1728 butionis
344 1667 522 1748 generibus
548 1668 628 1746 (hoc
645 1672 695 1729 est
711 1666 815 1729 tribus
832 1667 970 1729 diversis
986 1668 1036 1729 sui
1059 1669 1168 1748 operis
1182 1671 1343 1753 partibus,

183 1786 270 1848 quae
300 1775 394 1832 erant
422 1768 464 1832 de
492 1769 661 1850 trittyibus
691 1769 746 1831 vel
775 1770 973 1850 naucrariis,
1008 1769 1050 1830 (10
1080 1769 1266 1855 ordinibus,
1301 1773 1344 1836 de

181 1871 350 1952 phratriisl
380 1891 440 1934 suo
469 1873 561 1955 loco,
597 1891 684 1955 quae
714 1871 757 1934 ad
796 1873 908 1934 omnia
935 1873 1059 1953 pariter
1086 1875 1253 1955 pertinere
1281 1876 1345 1938 sibi

181 1979 402 2057 persuaserat,
427 1974 587 2038 adiunxit.
616 1977 651 2037 in
667 1975 769 2038 alium
787 1993 933 2037 errorem
957 1975 1013 2036 alii
1027 1972 1123 2037 inulti
1138 1980 1345 2058 grammatici

180 2076 385 2160 inciderunt,
419 2080 568 2160 inprimis
597 2077 687 2142 Suid.
718 2076 881 2160 φράτορες
909 2079 964 2138 καὶ
992 2083 1150 2160 φρατρίαν
1179 2081 1234 2142 καλ
1263 2105 1344 2164 φρα-

180 2182 347 2262 τρίαρχοςε
451 2181 591 2263 pauidi
618 2178 655 2244 τὸ
680 2175 760 2258 αὐτὸ
785 2178 885 2254 ἔθνος
908 2173 992 2242 εἶναι
1023 2182 1102 2259 [καὶ]
1132 2183 1261 2263 τριττὸν
1289 2187 1345 2247 καλ

182 2283 296 2362 [codd.
318 2279 402 2368 ἤτοι)
426 2283 484 2369 τὴν
506 2289 671 2368 φρατρίαν
694 2279 712 2366 ἢ
735 2269 921 2366 φρατορίαν
938 2334 944 2347 .
964 2329 996 2344 ..

265 2387 338 2448 1001
359 2408 464 2451 00001
485 2389 652 2470 reliquum
677 2405 751 2449 esse
773 2386 884 2469 video,
909 2386 1000 2470 quod
1016 2388 1156 2450 10110000
1180 2391 1352 2472 quispiam

182 2489 237 2551 vel
249 2491 309 2552 toti
322 2491 603 2572 argumentationi
613 2507 711 2552 meae
722 2489 777 2551 vel
789 2488 907 2552 saltem
920 2491 1007 2572 parti
1019 2491 1090 2552 eius
1103 2490 1224 2554 obesse
1238 2498 1343 2576 putet,

185 2591 258 2654 dico
280 2592 395 2655 locum
409 2593 593 2656 Aristotelii
615 2593 735 2674 operia,
757 2593 816 2654 ubi
840 2591 882 2654 de
898 2592 1002 2654 tribus
1025 2593 1196 2657 ordinibus
1221 2603 1342 2678 egerat.

184 2697 305 2757 etenim
336 2695 379 2758 de
407 2696 457 2759 his
487 2715 565 2758 cunr
599 2696 750 2758 locutum
782 2713 861 2758 esse
889 2694 1021 2777 volunt,
1055 2695 1113 2758 ubi
1141 2697 1262 2768 Thesei
1290 2718 1344 2762 res

183 2799 355 2882 tractabat,
387 2818 462 2862 curn
490 2800 743 2862 naucrariarum
772 2802 805 2860 01
834 2799 985 2878 trittyum
1014 2799 1273 2880 explicationem
1302 2802 1345 2865 ad

183 2903 315 2965 Solonis
332 2905 605 2966 constitutionem
619 2903 669 2964 rei
683 2901 839 2983 publicae
853 2901 1053 2983 pertinuisse
1067 2897 1213 2965 Photius'
1222 2902 1345 2968 diserte

182 3009 331 3068 testetur.
360 3007 426 3069 hoc
442 3006 668 3090 testimonium
685 3009 812 3067 certum
833 3007 892 3085 001,
913 3004 972 3066 illa
995 3005 1107 3086 opinio
1125 3023 1191 3087 quo
1208 3007 1344 3070 tandem

184 3113 321 3172 auctore
353 3111 488 3191 nitatur,
521 3108 705 3171 videamus.
755 3111 805 3170 001
843 3126 930 3169 0000
967 3107 1181 3192 Plutarchus,
1222 3111 1277 3190 001
1309 3113 1344 3172 in

182 3213 252 3274 vita
279 3213 401 3275 Thesei
430 3231 501 3294 cap.
525 3209 565 3273 25
596 3211 749 3275 ordinum
776 3210 912 3273 illorum
941 3212 1169 3274 constitutioni
1196 3212 1345 3296 adiungit

183 3315 260 3377 hoc·
276 3315 471 3378 Aristotelis
493 3315 736 3378 testimonium:
772 3307 822 3375 ὅτι
852 3311 886 3374 (10
923 3315 1050 3396 πρῶτος
1079 3309 1234 3377 ἀπέκλινε
1261 3314 1344 3399 πρὸς

182 3416 240 3480 τὸν
262 3411 369 3498 ὄχλον,
393 3412 435 3492 ὥς
450 3412 666 3501 Ἀριστοτέλος
681 3416 770 3499 φησὶ,
793 3415 848 3476 καὶ
864 3410 970 3499 άφῆκε
991 3410 1029 3477 τὸ
1050 3423 1235 3498 μοναρχεῖν,
1259 3416 1345 3481 ἔοικε

182 3526 359 3604 μαρτυρεῖν
387 3521 442 3581 καὶ
460 3513 600 3602 Ὅμηρος
629 3520 665 3580 ἐν
693 3520 774 3579 νεῶν
808 3515 976 3598 καταλόγῳ
1009 3515 1130 3595 μόνους
1152 3513 1344 3602 Ἀθηναίους

183 3621 284 3706 δῆμον
312 3617 587 3703 προσαγορεύσας.
646 3620 803 3703 equidem
836 3620 947 3681 facere
979 3636 1048 3681 non
1080 3638 1228 3704 possum,
1263 3625 1343 3705 quin

184 3725 222 3789 G.
262 3715 411 3788 Gilbertc
457 3724 541 3804 (Die
579 3721 723 3805 Quellen
761 3721 820 3784 dcs
857 3721 1146 3802 plutarcheischen
1183 3724 1342 3808 Theseus,

181 3828 344 3910 Philolog.
357 3827 503 3890 XXXIII
515 3847 547 3909 p.
563 3823 604 3887 60
617 3829 704 3908 sqq.)
720 3825 892 3907 assentiar,
909 3825 966 3906 qui
978 3843 1183 3906 quamquam
1194 3827 1343 3889 Roseum

181 3932 397 4013 reliquosque
419 3929 501 3992 nihil
523 3933 672 3992 moratus
694 3928 911 3990 Plutarchum
941 3930 1046 3990 totam
1068 3928 1166 3990 huius
1195 3934 1229 3991 01
1248 3949 1342 4012 prae-

183 4032 332 4096 cedentis
356 4034 472 4114 capitis
487 4033 714 4095 narrationem
727 4031 925 4094 brevissimo
942 4030 1128 4094 Aristotelis
1151 4033 1342 4097 testimonio

183 4137 291 4218 (quod
306 4157 410 4198 unum
427 4141 477 4198 est
498 4136 533 4197 in
555 4136 618 4197 hac
632 4137 703 4197 vita
726 4152 768 4196 ex
785 4128 967 4216 Ἀθηναίων
982 4132 1133 4218 πολιτείᾳ
1156 4139 1340 4216 sumptum)

183 4237 380 4321 excepto⁶⁰)
403 4257 464 4321 per
477 4239 599 4300 Istrum
623 4236 856 4299 ePhilochoro
872 4237 1024 4298 hausisse
1046 4235 1169 4301 docuit.
1198 4239 1342 4318 primum

252 4463 288 4529 ⁵⁰)
324 4477 341 4512 a
358 4461 513 4530 nullodum,
532 4459 607 4528 quod
625 4459 719 4528 sciam,
738 4455 1210 4524 01001001000011010100000124
1227 4460 1263 4511 ad
1275 4474 1340 4511 eun-
1411 4452 1413 4457 ’

181 4551 243 4602 dem
262 4552 401 4601 auctorem
421 4548 518 4600 rcsern'
537 4547 650 4598 omnino
666 4560 722 4597 non
736 4559 827 4613 posse,
845 4544 878 4596 ad
894 4559 975 4611 00010
989 4545 1161 4596 enuntiatum
1173 4559 1257 4613 supra
1269 4561 1286 4596 a
1296 4562 1342 4597 me
