3194 5136
747 362 899 464 Q-

238 575 425 639 manaverit
448 576 503 654 (cf.
519 575 621 658 Harp.
637 573 735 656 χίλιοι
759 571 936 637 διακόσιοιι
1043 568 1082 634 οἱ
1103 566 1406 633 πλουσιώτατοι

231 674 456 761 Ἀθηναίων
489 674 715 758 χίλιοι,καὶ
748 674 954 738 διακόσιοι
984 663 1102 756 ἦσαν,
1135 670 1180 734 οἳ
1203 673 1270 733 καὶ
1303 668 1406 732 ἐλοι-

238 777 447 863 τοὺργονν,
497 778 738 864 μνημονεύουσι
768 778 798 842 d’
839 774 949 842 αὐτῶν
976 777 1032 840 καὶ
1066 771 1162 838 ἄλλοι
1190 772 1324 858 ῥήτορες
1352 775 1408 835 καὶ

240 879 420 964 Φιλόχορος
442 882 479 944 ἐν
500 883 539 968 τῇ
562 881 586 948 ς’
612 887 687 962 ...)
711 901 772 965 pro
796 886 888 945 certo
922 880 1079 944 affirmari
1106 897 1175 942 non
1197 881 1318 960 potest,
1348 876 1407 940 sed

239 986 419 1050 verisimile
441 985 582 1049 videtur.

674 1230 701 1242 Ν
776 1153 874 1233 §101

320 1294 392 1356 Hos
422 1310 558 1374 quoque
589 1291 826 1373 εἰσαγωγεῖς
861 1293 916 1370 (cf.
947 1291 990 1353 ad
1021 1289 1128 1373 593),
1156 1295 1193 1352 ut
1220 1290 1408 1372 peculiares

240 1397 469 1478 magistratus,
514 1395 625 1458 nullos
662 1412 736 1465 esse
773 1394 1015 1464 demonstravit
1048 1395 1153 1456 Meier
1193 1392 1275 1472 (Att.
1311 1393 1406 1454 Proc.

239 1519 271 1580 p.
300 1496 368 1581 115,
393 1516 459 1580 quo
483 1502 634 1579 tempore
656 1496 714 1560 hic
732 1498 908 1578 ἐπαγωγοῖς
930 1496 1132 1578 legebatur).
1169 1496 1273 1560 habet
1295 1499 1409 1557 tamen

189 1647 191 1650 -
238 1600 362 1664 Pollux
396 1603 516 1664 erroris
549 1601 679 1664 socium
711 1619 816 1662 unum
848 1600 1070 1680 Hesychium:
1112 1597 1282 1680 εἶσαγωγήῑ
1326 1595 1407 1680 ἀρχὴ

237 1699 409 1788 Ἀθήνησιν
436 1707 501 1768 νῶν
528 1700 571 1767 ιὰ
599 1701 788 1786 ἐγκλήματα
817 1699 1014 1783 εἰσαγόντων
1046 1700 1152 1780 (unde
1181 1701 1284 1765 schol.
1308 1700 1406 1762 Dcm.

240 1807 323 1905 nm
345 1805 390 1887 a).

442 1998 685 2077 νομοθέται

325 2118 379 2180 De
401 2118 466 2180 hoc
488 2116 565 2179 loco
589 2115 804 2197 Schoemann
834 2112 972 2197 (Opusc.
1004 2112 1098 2176 acad.
1121 2113 1137 2174 Ι
1158 2132 1190 2194 p.
1215 2108 1304 2194 256),
1332 2111 1406 2175 Pol·
1470 2165 1478 2174 .

240 2222 352 2284 lucem
376 2224 493 2284 contra
514 2219 659 2281 Bakiunr
682 2217 878 2299 defendens,
905 2219 967 2280 ita:
998 2217 1104 2299 „haec
1132 2216 1350 2297 reprehensio
1367 2216 1408 2281 in

242 2323 325 2386 alias
339 2323 451 2405 potius
476 2323 547 2384 eius
564 2322 674 2403 operis
689 2324 818 2404 partes,v
837 2337 940 2403 quam
954 2321 989 2383 in
1004 2320 1094 2382 hunc
1109 2318 1233 2382 librum
1250 2322 1407 2380 octavum

242 2425 346 2508 cadit,
379 2428 414 2489 in
444 2442 511 2505 quo
540 2422 756 2487 Aristotelem
786 2427 959 2486 auctorem
990 2423 1086 2504 sequi
1115 2423 1218 2503 solet,
1251 2421 1286 2484 id
1316 2420 1407 2502 quod

226 2526 370 2590 dudum
393 2528 549 2610 aperitis
573 2527 790 2590 observatum
814 2530 874 2590 est.
904 2527 1025 2608 Neque
1047 2526 1117 2589 ulla
1141 2543 1243 2588 causa
1266 2528 1326 2604 est,
1350 2541 1407 2586 cur

241 2649 311 2694 non
332 2631 423 2694 hunc
446 2647 582 2713 quoque
603 2631 718 2694 locum
741 2630 784 2694 de
806 2631 937 2713 legibus
966 2615 1018 2692 ex*
1032 2627 1214 2692 Aristotele
1236 2629 1407 2709 sumptum

242 2751 317 2796 esse
346 2733 537 2815 credamus,
572 2733 728 2816 adeoque
755 2735 866 2816 ipsum
895 2735 1036 2800 fortasse
1064 2730 1270 2794 vocabulum
1304 2735 1406 2809 νέους,

241 2836 333 2919 quod
355 2840 531 2919 tantopere
553 2836 660 2900 Bakio
691 2836 867 2919 displicuit.
911 2836 999 2899 Nam
1026 2833 1242 2899 Aristotelem
1272 2849 1407 2916 quoque

238 2957 309 3004 non
331 2941 520 3004 lectissimis
543 2940 670 3022 ubique
692 2939 803 3003 verbis
831 2941 881 3002 uti
902 2938 1071 3002 videmus:
1101 2953 1214 3019 neque
1236 2940 1351 2999 tamen
1371 2934 1406 2998 id

242 3044 433 3107 auctoritati
456 3042 535 3105 eins·
551 3042 642 3125 apud
663 3042 890 3124 intelligentes
914 3041 1049 3105 officit.“
1094 3040 1174 3103 licet
1195 3040 1280 3102 haec
1303 3039 1407 3120 suspi-

240 3148 324 3228 cari,
354 3145 578 3209 demonstrari
605 3146 739 3227 nequit,
774 3163 851 3208 cum
878 3143 1085 3226 reliquorum
1113 3143 1408 3226 grammaticorum

240 3249 433 3322 testimonia
454 3247 595 3310 Polluce
618 3247 786 3311 deteriora
808 3247 892 3310 nihil
913 3264 976 3310 nos
999 3245 1169 3310 adiuvent.
1201 3245 1406 3309 recentiores

239 3352 409 3436 plerique,
438 3369 515 3414 cum
543 3350 636 3413 mille
666 3351 856 3429 (etunius)
886 3349 1159 3416 nomothetarum
1185 3365 1344 3412 numerus
1372 3349 1408 3410 in

240 3454 468 3537 psephismate
484 3454 701 3537 suppositicio
717 3454 956 3518 Demosthenis
972 3453 1117 3529 orationi
1133 3452 1169 3514 in
1183 3451 1408 3514 Timocratem

241 3561 272 3636 (5
296 3554 349 3638 27)
372 3557 497 3629 inserto
519 3557 567 3619 ita
588 3556 847 3639 praescribatur,
875 3559 913 3619 ut
935 3559 1031 3618 extra
1054 3553 1206 3619 ordinem
1230 3571 1308 3617 eum
1331 3570 1407 3615 con-

240 3662 394 3724 stitutum
409 3676 483 3722 esse
498 3663 669 3741 pateat-
693 3661 721 3722 si
744 3661 835 3722 enim
849 3659 1018 3741 legitimus
1034 3658 1160 3738 fuisset,
1182 3657 1218 3719 in
1232 3655 1408 3737 rogatione

241 3765 379 3828 omnino
394 3779 465 3826 non
481 3762 739 3824 commemorari
755 3760 912 3824 debuisse
924 3797 966 3808 -
979 3761 1132 3843 plerique
1146 3760 1247 3841 igitur
1257 3759 1408 3821 statuunt

240 3867 416 3931 Pollucem
437 3863 531 3928 illinc
552 3882 731 3928 numerum
754 3865 937 3946 sumpsisse
960 3868 994 3928 et
1011 3864 1106 3926 male
1127 3879 1188 3944 pro
1213 3865 1304 3925 certo
1327 3859 1407 3942 legi-

241 3969 393 4050 timoque
414 3966 602 4049 protulisse.
641 3971 675 4030 at
696 3970 799 4047 recte,
823 3969 953 4049 opinor,
976 3957 1270 4042 Westermennffl)
1295 3962 1410 4028 docuit

242 4089 320 4134 eum
360 4071 418 4152 qui
449 4070 515 4134 hoc
548 4070 742 4154 psephisma
776 4070 952 4152 supposuit
980 4068 1081 4136 etiam
1116 4067 1199 4130 alies
1226 4083 1280 4129 res
1308 4064 1410 4148 plane

313 4325 349 4393 ⁸²)
385 4323 636 4393 Untersuchungen
654 4323 725 4376 liber
742 4321 788 4375 die
805 4325 834 4376 in
853 4321 898 4375 die
916 4327 963 4376 att.
982 4321 1092 4377 Redner
1110 4319 1285 4389 eingelegten
1304 4319 1409 4370 Urkun-

241 4413 305 4483 den,
328 4411 508 4481 Abhandlgn.
536 4409 563 4463 d.
586 4410 645 4480 kgl.
673 4408 763 4463 sache.
787 4407 938 4464 Gesellsch.
970 4407 997 4463 d.
1021 4408 1102 4460 Wiss.
1125 4405 1303 4475 philol-hist.
1333 4401 1373 4456 Ol.
1397 4403 1411 4454 l

242 4517 269 4570 p.
288 4498 323 4556 28
340 4515 383 4569 sq.
