3194 5136
793 416 834 482 30

225 627 345 688 mirum
380 631 445 708 est,
487 626 577 708 quod
612 628 725 689 rhetor
756 645 826 690 uon
861 627 970 689 solum
1003 628 1038 687 in
1070 626 1136 689 hoo
1170 641 1282 688 errore
1317 643 1393 688 oum

226 716 395 810 Hesychio
426 731 594 812 congruit,
628 729 688 792 sed
724 731 825 792 etiam
858 748 895 792 se
929 730 1158 792 necessauum
1192 730 1264 790 eius
1298 728 1394 808 quasi

228 834 358 895 socium
381 836 483 914 atque
507 834 664 894 comitem
687 833 788 896 uobis
803 833 954 914 praebet.
986 831 1028 894 de
1054 850 1094 894 eo
1120 849 1256 913 quoque
1271 829 1395 892 Pollux

227 936 332 1017 magis
356 954 432 997 cum
447 935 617 1015 Hesychio
635 955 734 1016 quam
760 954 837 996 cum
851 934 989 1015 reliquis
1006 936 1172 1016 convenit,
1197 933 1288 1015 quod
1305 932 1395 1014 opud

227 1039 289 1100 hos
310 1036 491 1122 χαρώνειον
514 1039 569 1100 vel
590 1035 754 1120 χαρώνιον
780 1039 912 1119 legitur,
941 1036 1031 1118 opud
1061 1036 1199 1099 Suidom
1228 1040 1261 1098 et
1289 1037 1395 1097 Zeno-

225 1140 320 1203 bium
342 1137 519 1223 χαρώνειος
542 1140 597 1202 vel
619 1137 779 1222 χαρώνιος
801 1137 904 1223 θύρα,
928 1138 1018 1221 apud
1034 1139 1282 1220 Diogeniouum
1306 1139 1395 1218 Apo-

229 1243 434 1324 stoliumque
456 1241 616 1326 Χάρωνος
639 1241 741 1327 θύρα.

315 1344 382 1406 Sed
393 1347 533 1408 fortusse
546 1348 646 1408 etiam
657 1346 734 1427 plus
747 1364 848 1427 quum
861 1345 971 1408 solum
982 1361 1107 1406 nomen
1120 1344 1211 1426 apud
1223 1343 1396 1406 Pollucem

231 1448 334 1508 errori
356 1447 507 1510 debetur.
554 1451 644 1511 certe
668 1450 812 1530 quaein
835 1449 998 1528 principio
1024 1446 1067 1508 de
1083 1446 1202 1510 decem
1225 1447 1395 1528 magistra·

136 1620 138 1624 ¹
232 1548 320 1612 tibus
337 1567 522 1633 eorumque
545 1551 657 1638 scribe
669 1556 856 1634 narrantur,
881 1549 1084 1632 quibusdam
1099 1551 1236 1612 minime
1251 1549 1395 1631 placuit,

232 1669 295 1716 neo
318 1654 477 1717 minuitur
500 1656 656 1737 suspicio,
680 1657 764 1717 siin
786 1655 923 1736 publico
946 1653 1063 1716 tabula
1088 1653 1242 1732 (Boeokh
1258 1652 1395 1714 Securk.

229 1774 261 1836 p.
291 1751 368 1834 535)
397 1756 540 1838 legimus
569 1755 626 1840 τὸγ
654 1764 848 1840 γραμματέα
882 1759 948 1820 τῶν
975 1755 1100 1819 ἔνδικα.
1152 1755 1233 1838 quid
1261 1757 1397 1818 eutem?

230 1859 258 1919 si
286 1857 377 1939 opud
404 1858 562 1921 Photium
592 1861 744 1942 aliosque
778 1861 919 1943 legimus
948 1858 1214 1940 nomophyluces
1250 1862 1283 1920 et
1311 1857 1398 1920 thes-

230 1960 398 2024 mothetos
423 1960 471 2039 (id
496 1967 555 2046 est,
579 1967 617 2024 ut
638 1964 704 2025 lex.
729 1961 824 2025 Cant.
850 1962 959 2044 docet,
989 1979 1114 2025 novem
1145 1961 1334 2043 archontes,
1358 1961 1397 2022 of.

231 2067 300 2126 not.
324 2060 365 2124 34
388 2064 459 2142 fin.)
484 2068 619 2147 saepius
641 2067 728 2128 inter
751 2083 787 2128 se
804 2065 961 2127 confusos
986 2082 1070 2146 esse,
1094 2065 1259 2126 sissimus
1275 2079 1398 2124 novem

231 2167 409 2229 archontes
433 2184 474 2228 ex
499 2186 560 2230 suo
583 2186 752 2249 quemque
774 2168 877 2249 phylo
900 2169 1017 2230 sortito
1048 2171 1163 2248 captos
1194 2185 1268 2229 esse
1289 2167 1400 2247 iisque

232 2271 365 2351 saepius
388 2274 426 2332 ut
448 2268 616 2333 decimum
639 2270 783 2333 sciibom
807 2287 924 2332 eorum
954 2270 1212 2333 adnumeratum
1243 2285 1317 2332 esse
1341 2268 1397 2346 (of.

233 2372 335 2434 schol.
355 2372 463 2434 Aust.
493 2370 594 2454 Vesp.
624 2371 685 2434 775
715 2375 928 2455 θεσμοθέται
956 2375 1012 2435 καὶ
1040 2371 1174 2448 δέκατος
1203 2365 1221 2435 ὃ
1250 2392 1396 2454 γραμμα-

230 2472 394 2556 τεύςθἫ,
416 2490 531 2537 nonne
555 2492 595 2537 eo
620 2474 782 2558 ducimur,
812 2495 888 2538 cum
909 2477 1033 2539 Pollux
1057 2474 1099 2538 de
1122 2477 1189 2538 suis
1211 2474 1397 2556 nomophy-

232 2575 361 2640 laoibus
393 2575 463 2661 (qui
486 2581 587 2641 untes
608 2579 829 2642 undecimviri
852 2580 1012 2662 appellati
1040 2580 1194 2657 fuissent)
1224 2578 1334 2640 trudet
1356 2567 1402 2650 εἷς

234 2675 292 2762 ἀφ’
316 2678 452 2764 ἑκάστης
475 2678 579 2764 φυλῆς
594 2683 716 2763 ἐγένετο
731 2684 788 2746 καὶ
802 2681 1011 2766 γραμματεὺς
1028 2677 1138 2756 αὐτοῖς
1155 2673 1406 2763 σοιομιιθμεῖτο,Δ

232 2787 269 2845 ut
281 2786 454 2846 auctorem
465 2784 612 2849 Pollucis
627 2803 697 2848 uon
709 2786 818 2864 solum
831 2785 1111 2868 desmophyluces
1125 2803 1201 2846 cum
1213 2783 1400 2864 nomophy-

231 2886 371 2969 locibus,
394 2886 455 2950 sed
479 2889 580 2951 etiam
595 2889 725 2971 vulgari
747 2889 805 2951 illo
823 2905 935 2950 errore
952 2887 1066 2951 addito
1082 2887 1145 2950 hos
1162 2905 1238 2949 oum
1261 2886 1399 2948 archon·

234 2989 321 3054 tibus
334 2973 560 3053 commutasse
573 2994 615 3072 et,
632 3008 719 3073 quoe
732 2992 852 3053 horum
868 2992 943 3073 sint,
960 2991 1048 3053 mole
1061 2991 1104 3053 ad
1119 2988 1400 3070 desmophylooes

235 3097 269 3154 et
289 3092 538 3156 undecimviros
562 3092 770 3156 transtulisse
785 3096 994 3157 statuamus?
1024 3095 1110 3156 siout
1131 3094 1165 3154 iu
1181 3092 1285 3164 schol.
1301 3091 1400 3154 Arist.

235 3195 321 3257 Plut.
346 3191 407 3270 277
438 3192 705 3275 olomundum
734 3193 819 3258 κατὰ
843 3193 950 3279 φυλὴν
982 3195 1117 3268 ἕκαστος
1146 3196 1201 3256 καὶ
1230 3192 1401 3267 ἔνδεκατος

236 3298 298 3376 (sic
321 3297 456 3379 Aldina,
479 3299 606 3380 nescio,
629 3318 709 3361 num
734 3297 950 3362 eoodicibus.
983 3297 1025 3360 de
1041 3299 1108 3360 suis
1124 3298 1206 3359 nihil
1229 3296 1402 3376 adnotant,

237 3401 295 3481 qui
317 3398 451 3475 δέκατος
473 3401 599 3483 legunt,
621 3401 770 3464 Dindorf
788 3407 821 3464 et
842 3400 1019 3481 Duebner)
1044 3395 1061 3462 ὅ
1084 3397 1291 3484 γραμματεὺς
1313 3395 1402 3480 ἐκλή-

237 3523 317 3585 ροον
337 3491 381 3566 τὰ
403 3501 591 3587 γράμματα.

772 3680 787 3752 5
812 3672 872 3738 103

440 3796 667 3878 ἐπιγραφεῖ
671 3817 695 3868 ς.

322 3916 374 3979 Ex
387 3915 508 3979 eodem
525 3917 627 3998 fonte,
647 3932 713 3996 quo
725 3913 849 3977 Pollux
866 3914 988 3996 piioro,
1005 3912 1227 3995 Harpocratio
1246 3933 1307 3978 suo
1323 3915 1403 3977 hau-

238 4020 321 4082 sisse
340 4018 488 4082 videtur:
519 4019 736 4102 ἐῃιγραφέαςτ
757 4013 833 4091 τοὺς
854 4015 1103 4099 καθεστηκότας
1124 4018 1179 4079 ἐπὶ
1199 4020 1244 4100 τῷ
1267 4016 1406 4100 γράφειν

313 4205 349 4271 ⁸⁶)
385 4209 492 4260 cautius
521 4221 605 4276 agere
632 4205 753 4258 debebat
769 4204 892 4272 Philippi
910 4204 928 4258 1,
946 4204 965 4258 l.
992 4221 1020 4273 p.
1049 4203 1098 4258 189
1116 4208 1174 4256 not.
1202 4203 1244 4272 72,
1271 4221 1336 4256 nam
1360 4205 1406 4256 hie

235 4293 313 4344 locus
333 4293 380 4361 ito,
399 4296 430 4343 ut
441 4294 502 4360 ipse
516 4307 579 4344 eum
592 4291 715 4360 exhibet,
734 4291 846 4343 demum
865 4291 997 4343 aMeiero
1017 4287 1087 4355 (Ao.
1099 4290 1178 4342 Proe.
1190 4305 1217 4358 p.
1227 4288 1261 4343 73
1278 4296 1336 4344 not.
1349 4289 1405 4361 23),

236 4381 286 4447 qui
303 4378 357 4430 hoc
376 4377 479 4432 diserte
503 4377 588 4447 addit,
612 4381 734 4429 mutatus
759 4382 808 4446 est,
832 4377 882 4428 sed
900 4376 981 4429 male.
1017 4382 1100 4448 atque
1123 4377 1208 4427 etiam
1230 4377 1301 4428 alter
1317 4377 1405 4447 locus,

117 4525 119 4528 ,
239 4481 325 4535 quem
344 4469 371 4517 et
387 4465 472 4518 Meier
490 4471 517 4516 et
534 4464 658 4534 Philippi
680 4464 822 4516 ascribunt
843 4463 949 4530 (Schol.
972 4463 1057 4548 lirist.
1080 4462 1153 4515 Plut.
1176 4462 1250 4532 277),
1273 4465 1313 4516 ita
1331 4479 1404 4516 eom-

235 4559 348 4624 paratus
368 4557 419 4622 est,
436 4557 468 4603 ut
486 4566 570 4621 supra
588 4567 651 4604 eum
669 4551 742 4605 dedi.
