3194 5136
788 376 820 454 x8

229 587 349 650 eadem
370 587 455 648 ratio
481 587 540 667 est,
564 585 694 667 scripsit
714 585 872 666 Hesych.‚
902 583 992 665 apud
1022 601 1124 666 quem
1150 584 1198 646 nil
1225 585 1289 648 nisi
1310 585 1394 647 haec

227 691 398 771 leguntur:
423 689 519 750 ἐννέα
542 681 817 771 ἀρχοντεςε-ἀρχή
842 683 896 748 διὰ
919 686 1015 748 έννέα
1039 682 1215 768 ἀρχόντων.

313 793 385 852 Iam
407 791 595 852 Aristotelis
618 781 806 872 fragmenta
828 807 1012 871 apponam:
1043 847 1044 854 ,

227 895 294 956 lex.
325 891 515 975 Cantabrig.
549 894 772 974 θεσμοθετῶν
802 889 987 974 ἀνάκρισις·
1015 895 1088 954 κατ’
1113 889 1397 976 Ἀριστοτέλην

228 993 263 1058 οἱ
282 997 494 1077 θεσμοθέται
516 993 597 1058 εἰσὶν
620 997 655 1058 ἐκ
683 997 749 1058 τῶν
771 995 867 1057 έννέα
896 990 1075 1074 ἀρχόντων,
1104 990 1198 1057 αὐτοὶ
1226 995 1261 1069 ἔξ
1281 989 1397 1068 ὄντες·

229 1095 263 1161 οἱ
284 1097 318 1160 δὲ
340 1095 496 1178 λαχόντες
517 1093 581 1160 ἀπὸ
604 1100 660 1182 τής
681 1097 799 1182 βουλῆς
819 1100 885 1161 τῶν
906 1100 1131 1160 πεντακοσίων
1152 1099 1207 1160 καί
1228 1097 1287 1160 τοῦ
1310 1095 1398 1159 δικα-

229 1204 360 1282 στηρίου
383 1198 615 1280 δοκιμάζονται
637 1197 721 1284 πλήν
743 1202 801 1264 τοῦ
823 1204 1053 1282 γραμματέως,
1081 1197 1285 1281 ἐρωτώμενοι
1314 1203 1398 1273 τίνες

231 1299 339 1366 αὐτῶν
367 1309 522 1386 πατέρες,
558 1299 677 1382 ὁμοίως
704 1305 760 1365 καὶ
795 1300 905 1386 δήμων
938 1307 1037 1366 τίνων
1066 1299 1129 1364 εἶσὶ
1163 1305 1218 1364 καὶ
1247 1301 1277 1365 εἰ
1310 1300 1399 1366 ἔστιν

182 1406 184 1410 ’
231 1400 342 1479 αὐτοῖς
359 1401 525 1468 Ἀπόλλων
547 1407 698 1488 πατρῷος
721 1409 775 1468 καί
799 1404 1024 1487 Ζεὺςέρκειος
1045 1407 1101 1468 καί
1130 1404 1160 1467 εί
1180 1402 1256 1478 τοὺς
1284 1409 1398 1486 γονέας

230 1496 266 1570 εῗι
288 1510 421 1571 ποιοῦσι
441 1510 497 1570 καὶ
520 1506 550 1569 εἰ
570 1506 611 1570 τὰ
634 1506 710 1592 τέλη
731 1507 864 1571 τελοῦσι
885 1509 941 1570 καὶ
963 1506 994 1569 εἰ
1014 1504 1074 1582 τάς
1101 1503 1184 1591 ὑπὲρ
1207 1510 1262 1592 τής
1284 1511 1398 1589 πατρί-

231 1609 284 1684 δος
314 1593 486 1692 στρατείας
519 1609 795 1693 ἐστρατεύσαντο·
821 1608 933 1674 πάντα
967 1597 1031 1681 οὖν
1060 1605 1233 1692 ἀνάκρισιν
1261 1603 1399 1690 εὐλόγως

231 1708 418 1792 ὠνόμασαν.
905 1726 907 1730 ·
1190 1705 1191 1708 “

229 1815 426 1898 Harpocrat.
471 1813 583 1888 λίθοςι
605 1859 613 1874 .
638 1866 644 1880 .
668 1859 676 1875 .
698 1815 825 1876 έοίκασι
855 1811 885 1876 δ’
910 1810 1082 1897 Ἀθηναῖοι
1110 1812 1192 1897 πρός
1220 1835 1284 1876 τινι
1311 1812 1422 1894 λίθῳ’,

29 1997 31 2010 Ι
135 2002 137 2006 ι
229 1916 304 1991 τοὺς
333 1911 448 1999 ὅρκους
475 1919 665 1990 ποιεῖσθαι,
702 1911 744 1992 ὧς
767 1913 1046 2000 Ἀριστοτέλης
1081 1918 1117 1985 έν
1149 1919 1189 2002 τῇ
1216 1911 1400 1998 Ἀθηναίων

231 2017 382 2102 πολιτείᾳ
404 2020 460 2079 καὶ
483 2015 664 2098 Φιλόχορος
687 2020 723 2080 έν
744 2021 790 2100 τῷ
812 2017 836 2100 γ’
862 2015 1185 2102 ὕποσημαίνουσινθ)

232 2126 392 2204 excerpta
412 2121 600 2185 Heraclidis
627 2119 660 2183 ll
687 2119 749 2183 εἰσὶ
772 2119 806 2182 δὲ
827 2123 883 2182 καί
912 2122 1008 2182 έννέα
1031 2116 1186 2201 ἄρχοντες
1207 2122 1399 2201 γθεσμοθε-

230 2226 315 2288 τικοὶ
337 2225 393 2287 καὶ
416 2222 451 2288 οἳ
470 2222 729 2304 δοκιμασθέντες
758 2217 916 2304 ἀμνόουσι
938 2222 1069 2296 δικαίως
1098 2217 1209 2303 ἀρξειν
1231 2225 1288 2286 καί
1310 2221 1401 2306 δῶρα

230 2325 273 2410 μή
298 2323 471 2410 λήψεσθαι
493 2321 512 2409 ἢ
536 2321 717 2405 ἀνδριάντα
740 2328 881 2407 χρυσοῦν
904 2322 1152 2409 ἀναθήσεινθ)1

234 2448 252 2492 e
274 2429 410 2511 reliquis
435 2430 550 2492 confer
572 2429 675 2492 schol.
694 2428 848 2492 Aeschin.
871 2428 888 2490 Ι
912 2425 973 2490 19.
993 2477 999 2490 .
1018 2478 1024 2490 .
1042 2425 1075 2490 οἱ
1095 2426 1155 2511 γὰρ
1174 2429 1270 2491 ἐννέα
1285 2423 1400 2510 ἀρχου-

231 2554 284 2606 τες
308 2537 473 2612 στέφανον
496 2530 640 2614 ἐφόρουν
661 2535 825 2614 μυρρίνης.
872 2533 912 2593 cf.
935 2533 1032 2594 Phot.
1049 2554 1080 2596 v.
1103 2530 1271 2615 μόρρινος,
1295 2533 1400 2601 schol.

232 2635 332 2698 Arist.
355 2634 465 2716 Equit.
490 2632 563 2715 964,
586 2634 732 2715 Hesych.
756 2628 787 2695 ν.
811 2637 986 2716 μυρρινῶν.
1014 2715 1015 2718 ¹
1084 2662 1086 2666 ·

235 2737 338 2802 schol.
362 2735 460 2800 Arist.
477 2737 578 2819 Vesp.
598 2733 659 2797 775
683 2732 793 2820 ἐπειδή
817 2738 1100 2816 θεσμοθέταικαὶ
1116 2737 1250 2811 δέκατος
1261 2733 1284 2800 ό
1299 2759 1401 2820 γραμ-

231 2838 355 2919 ματεὺς
377 2839 531 2922 κληροῦσι
553 2838 629 2913 τοὺς
653 2837 808 2912 δικαστάς
830 2835 906 2912 τοὺς
928 2841 984 2922 τής
1007 2835 1107 2921 αὐτῆς
1130 2837 1233 2923 φυλής
1255 2839 1401 2916 ἕκαστος.

316 2945 356 3005 Iu
367 2944 461 3006 initio
474 2945 580 3006 multo
600 2944 842 3005 accuratiorem
855 2942 1008 3005 videmus
1026 2942 1303 3024 lexicographum
1316 2941 1401 3006 Gan-

232 3046 480 3127 tabrigiensem,
511 3063 589 3125 cum
611 3033 752 3126 abrupte
775 3045 944 3126 scripserit
965 3045 1089 3107 Pollux
1112 3042 1261 3116 ἐκαλεῖτο
1290 3043 1327 3106 δέ
1352 3067 1402 3120 τις

231 3150 455 3226 θεσμοθετῶν
477 3143 647 3226 ἀνάκρισις
677 3150 710 3209 et
730 3148 817 3208 infra
846 3150 976 3209 tantum
1007 3145 1160 3228 ἐπηρώτα
1189 3145 1224 3208 δὲ
1245 3142 1264 3229 ἢ
1288 3146 1400 3231 βουλή,

234 3251 292 3313 ubi
313 3251 442 3312 maiore
463 3250 735 3332 interpunctione
756 3249 912 3312 Bekkero
938 3253 1009 3312 erat
1031 3248 1313 3332 distinguendum.
1341 3250 1403 3314 sed

231 3352 339 3418 multo
356 3353 488 3434 gravius
505 3356 564 3434 est,
581 3352 673 3434 quod
688 3355 773 3426 τίνες
788 3347 898 3415 αὐτῶν
912 3357 1062 3434 πατέρες,
1087 3346 1207 3431 ὁμοίως
1221 3354 1278 3414 καὶ
1293 3350 1403 3436 δήμων

233 3459 331 3518 τίνων
346 3453 416 3516 ἐἰσὶ
432 3499 440 3514 .
456 3503 462 3514 .
479 3457 559 3517 ,καὶ
581 3454 611 3516 εί
625 3452 665 3516 τόι
687 3453 764 3539 τέλη
781 3452 912 3518 τελοῦσι
933 3456 1001 3518 lex.
1025 3452 1121 3518 (iant.
1144 3453 1256 3536 habet,
1278 3455 1403 3521 Pollux

233 3556 264 3619 εί
291 3553 463 3641 Ἀθηναῖοί
494 3556 577 3620 εἰσιν
610 3559 820 3638 ἑκατέρωθεν
854 3558 889 3619 έκ
923 3559 1087 3642 τριγονίας
1120 3558 1176 3618 καὶ
1210 3555 1268 3619 τὸν
1301 3556 1403 3640 δήμου

233 3659 344 3723 πόθεν
368 3705 424 3725 ...
448 3660 504 3720 καὶ
527 3657 615 3722 εἰτὸ
638 3663 764 3742 τίμημα
786 3657 877 3722 ἔστιν
899 3656 1020 3734 αὐτοῖς.
1065 3661 1191 3723 scimus
1214 3661 1304 3722 enim
1325 3665 1403 3742 post

233 3764 414 3828 Aristidem
436 3762 649 3842 magistratus
672 3780 741 3825 non
764 3764 832 3825 iam
849 3764 931 3825 certi
955 3781 1075 3826 census
1091 3764 1194 3826 fuisse
1215 3767 1402 3845 posteaque

235 3865 311 3944 (sed
334 3869 412 3928 ante
434 3863 664 3950 Aristotelem)
680 3866 748 3928 iam
770 3865 811 3946 ei,
835 3865 928 3928 cuius
949 3870 1069 3949 pater
1092 3867 1173 3928 civis
1187 3864 1402 3928 Atheniensis

305 4138 326 4204 5)
361 4138 430 4190 haec
448 4141 531 4206 enim,
555 4153 626 4206 quae
650 4139 803 4206 generatim
827 4137 861 4190 de
886 4138 1013 4206 quolibet
1036 4137 1096 4191 cive
1118 4138 1269 4208 protulisse
1292 4137 1403 4190 videtur

233 4225 375 4294 Harpocr,
393 4242 466 4277 nunc
484 4225 556 4277 bene
574 4224 609 4276 ad
627 4223 773 4276 archontes
792 4225 932 4292 pertinere
951 4228 1116 4277 statuerunt.

305 4328 329 4394 ⁶)
367 4329 503 4398 quidquid
521 4328 556 4379 de
573 4327 656 4380 liuius
675 4328 823 4396 farraginis
847 4330 956 4398 origine
978 4327 1143 4398 iudicamus,
1167 4328 1221 4380 hoc
1239 4330 1342 4378 certum
1362 4330 1404 4378 est

235 4416 373 4486 permulta
398 4431 433 4467 ex
457 4415 608 4469 Aristotele
630 4414 755 4482 fluxisse,
783 4415 887 4482 quibus
911 4417 971 4467 sine
995 4415 1081 4467 dubio
1111 4415 1194 4466 etiam
1217 4413 1403 4482 fragmentum

236 4517 327 4571 supra.
338 4503 496 4570 appositum
515 4505 557 4554 est
574 4499 822 4554 adnumerandum.
