<?xml version="1.0" encoding="UTF-8"?>
<!DOCTYPE html PUBLIC "-//W3C//DTD XHTML 1.0 Transitional//EN"
    "http://www.w3.org/TR/xhtml1/DTD/xhtml1-transitional.dtd">
<html xmlns="http://www.w3.org/1999/xhtml" xml:lang="en" lang="en">
 <head>
  <title>
</title>
<meta http-equiv="Content-Type" content="text/html;charset=utf-8" />
  <meta name='ocr-system' content='tesseract 3.04.00' />
  <meta name='ocr-capabilities' content='ocr_page ocr_carea ocr_par ocr_line ocrx_word'/>
</head>
<body>
  <div class='ocr_page' id='page_1' title='image "./deiuliipollucis00stojgoog_0059.png"; bbox 0 0 3194 5136; ppageno 0'>
   <div class='ocr_carea' id='block_1_1' title="bbox 743 413 895 512">
    <p class='ocr_par' dir='ltr' id='par_1_1' title="bbox 743 413 895 512">
     <span class='ocr_line' id='line_1_1' title="bbox 743 413 895 512; baseline 0 -36"><span class='ocrx_word' id='word_1_1' title='bbox 743 413 895 512; x_wconf 60' lang='lat' dir='ltr'>—so—</span> 
     </span>
    </p>
   </div>
   <div class='ocr_carea' id='block_1_2' title="bbox 234 619 1405 1009">
    <p class='ocr_par' dir='ltr' id='par_1_2' title="bbox 234 619 1405 1009">
     <span class='ocr_line' id='line_1_2' title="bbox 235 619 1405 703; baseline -0.004 -20"><span class='ocrx_word' id='word_1_2' title='bbox 235 623 422 702; x_wconf 86' lang='lat' dir='ltr'>suspicatur</span> <span class='ocrx_word' id='word_1_3' title='bbox 451 619 494 682; x_wconf 93' lang='lat' dir='ltr'>de</span> <span class='ocrx_word' id='word_1_4' title='bbox 522 621 657 683; x_wconf 88' lang='lat' dir='ltr'>mutatis</span> <span class='ocrx_word' id='word_1_5' title='bbox 686 621 864 703; x_wconf 88' lang='lat' dir='ltr'>phylarum</span> <span class='ocrx_word' id='word_1_6' title='bbox 900 619 1093 683; x_wconf 84' lang='lat' dir='ltr'>nominibus</span> <span class='ocrx_word' id='word_1_7' title='bbox 1128 620 1356 681; x_wconf 86' lang='lat' dir='ltr'>narrationem</span> <span class='ocrx_word' id='word_1_8' title='bbox 1384 636 1405 678; x_wconf 90' lang='lat' dir='ltr'>a</span> 
     </span>
     <span class='ocr_line' id='line_1_3' title="bbox 234 721 1403 805; baseline -0.003 -20"><span class='ocrx_word' id='word_1_9' title='bbox 234 723 449 805; x_wconf 80' lang='lat' dir='ltr'>logographis</span> <span class='ocrx_word' id='word_1_10' title='bbox 472 725 658 804; x_wconf 86' lang='lat' dir='ltr'>prolectam</span> <span class='ocrx_word' id='word_1_11' title='bbox 682 741 766 803; x_wconf 79' lang='lat' dir='ltr'>esse,</span> <span class='ocrx_word' id='word_1_12' title='bbox 788 723 823 785; x_wconf 90' lang='lat' dir='ltr'>id</span> <span class='ocrx_word' id='word_1_13' title='bbox 848 722 949 805; x_wconf 86' lang='lat' dir='ltr'>quod,</span> <span class='ocrx_word' id='word_1_14' title='bbox 978 726 1016 784; x_wconf 87' lang='lat' dir='ltr'>ut</span> <span class='ocrx_word' id='word_1_15' title='bbox 1037 740 1098 804; x_wconf 92' lang='lat' dir='ltr'>per</span> <span class='ocrx_word' id='word_1_16' title='bbox 1121 739 1249 784; x_wconf 89' lang='lat' dir='ltr'>senon</span> <span class='ocrx_word' id='word_1_17' title='bbox 1273 725 1323 783; x_wconf 87' lang='lat' dir='ltr'>est</span> <span class='ocrx_word' id='word_1_18' title='bbox 1344 721 1403 781; x_wconf 88' lang='lat' dir='ltr'>im-</span> 
     </span>
     <span class='ocr_line' id='line_1_4' title="bbox 235 820 1404 907; baseline -0.004 -20"><span class='ocrx_word' id='word_1_19' title='bbox 235 825 421 907; x_wconf 77' lang='lat' dir='ltr'>probabile,</span> <span class='ocrx_word' id='word_1_20' title='bbox 450 823 497 887; x_wconf 85' lang='lat' dir='ltr'>ita</span> <span class='ocrx_word' id='word_1_21' title='bbox 525 820 608 887; x_wconf 89' lang='lat' dir='ltr'>nihil</span> <span class='ocrx_word' id='word_1_22' title='bbox 636 843 699 888; x_wconf 92' lang='lat' dir='ltr'>nos</span> <span class='ocrx_word' id='word_1_23' title='bbox 727 826 840 906; x_wconf 84' lang='lat' dir='ltr'>iuvat‚·</span> <span class='ocrx_word' id='word_1_24' title='bbox 868 843 944 887; x_wconf 92' lang='lat' dir='ltr'>curn</span> <span class='ocrx_word' id='word_1_25' title='bbox 973 825 1046 887; x_wconf 91' lang='lat' dir='ltr'>sine</span> <span class='ocrx_word' id='word_1_26' title='bbox 1076 822 1178 885; x_wconf 91' lang='lat' dir='ltr'>dubio</span> <span class='ocrx_word' id='word_1_27' title='bbox 1208 823 1404 904; x_wconf 87' lang='lat' dir='ltr'>perplures</span> 
     </span>
     <span class='ocr_line' id='line_1_5' title="bbox 236 927 1171 1009; baseline -0.001 -20"><span class='ocrx_word' id='word_1_28' title='bbox 236 928 372 990; x_wconf 88' lang='lat' dir='ltr'>demum</span> <span class='ocrx_word' id='word_1_29' title='bbox 396 933 551 990; x_wconf 78' lang='lat' dir='ltr'><strong>auctores</strong></span> <span class='ocrx_word' id='word_1_30' title='bbox 575 947 683 1009; x_wconf 91' lang='lat' dir='ltr'>usque</span> <span class='ocrx_word' id='word_1_31' title='bbox 706 927 749 990; x_wconf 88' lang='lat' dir='ltr'>ad</span> <span class='ocrx_word' id='word_1_32' title='bbox 771 928 947 991; x_wconf 81' lang='lat' dir='ltr'>Pollucem</span> <span class='ocrx_word' id='word_1_33' title='bbox 970 928 1171 1008; x_wconf 88' lang='lat' dir='ltr'>pervenerit.</span> 
     </span>
    </p>
   </div>
   <div class='ocr_carea' id='block_1_3' title="bbox 439 1093 873 1296">
    <p class='ocr_par' dir='ltr' id='par_1_3' title="bbox 439 1093 873 1296">
     <span class='ocr_line' id='line_1_6' title="bbox 772 1093 873 1174; baseline 0 -16"><span class='ocrx_word' id='word_1_34' title='bbox 772 1103 789 1174; x_wconf 61' lang='grc'>5</span> <span class='ocrx_word' id='word_1_35' title='bbox 813 1093 873 1158; x_wconf 80' lang='grc'>112</span> 
     </span>
     <span class='ocr_line' id='line_1_7' title="bbox 439 1214 773 1296; baseline -0.006 -18"><span class='ocrx_word' id='word_1_36' title='bbox 439 1214 773 1296; x_wconf 84' lang='grc' dir='ltr'><em>γυναικοκόσμοι.</em></span> 
     </span>
    </p>
   </div>
   <div class='ocr_carea' id='block_1_4' title="bbox 163 1350 1408 4101">
    <p class='ocr_par' dir='ltr' id='par_1_4' title="bbox 163 1350 1408 2463">
     <span class='ocr_line' id='line_1_8' title="bbox 321 1350 1405 1435; baseline 0 -20"><span class='ocrx_word' id='word_1_37' title='bbox 321 1355 520 1435; x_wconf 82' lang='lat' dir='ltr'>Priusquam</span> <span class='ocrx_word' id='word_1_38' title='bbox 540 1354 575 1414; x_wconf 89' lang='lat' dir='ltr'>in</span> <span class='ocrx_word' id='word_1_39' title='bbox 592 1358 765 1415; x_wconf 76' lang='lat' dir='ltr'>auctorem</span> <span class='ocrx_word' id='word_1_40' title='bbox 782 1353 933 1433; x_wconf 74' lang='lat' dir='ltr'>inquiro,</span> <span class='ocrx_word' id='word_1_41' title='bbox 959 1370 1043 1433; x_wconf 93' lang='lat' dir='ltr'>opus</span> <span class='ocrx_word' id='word_1_42' title='bbox 1063 1356 1113 1413; x_wconf 88' lang='lat' dir='ltr'>est</span> <span class='ocrx_word' id='word_1_43' title='bbox 1130 1350 1173 1414; x_wconf 92' lang='lat' dir='ltr'>de</span> <span class='ocrx_word' id='word_1_44' title='bbox 1196 1370 1234 1414; x_wconf 91' lang='lat' dir='ltr'>re</span> <span class='ocrx_word' id='word_1_45' title='bbox 1251 1353 1325 1434; x_wconf 89' lang='lat' dir='ltr'>ipsa</span> <span class='ocrx_word' id='word_1_46' title='bbox 1342 1351 1405 1415; x_wconf 90' lang='lat' dir='ltr'>dis-</span> 
     </span>
     <span class='ocr_line' id='line_1_9' title="bbox 237 1438 1404 1538; baseline -0.001 -19"><span class='ocrx_word' id='word_1_47' title='bbox 237 1475 358 1520; x_wconf 88' lang='lat' dir='ltr'>serere.</span> <span class='ocrx_word' id='word_1_48' title='bbox 410 1467 435 1517; x_wconf 77' lang='lat' dir='ltr'>&#39;e</span> <span class='ocrx_word' id='word_1_49' title='bbox 458 1455 714 1538; x_wconf 80' lang='lat' dir='ltr'>lexicographis</span> <span class='ocrx_word' id='word_1_50' title='bbox 754 1456 851 1517; x_wconf 91' lang='lat' dir='ltr'>huius</span> <span class='ocrx_word' id='word_1_51' title='bbox 885 1438 1099 1536; x_wconf 66' lang='lat' dir='ltr'>magistratus</span> <span class='ocrx_word' id='word_1_52' title='bbox 1140 1475 1226 1516; x_wconf 90' lang='lat' dir='ltr'>unus</span> <span class='ocrx_word' id='word_1_53' title='bbox 1258 1455 1404 1536; x_wconf 90' lang='lat' dir='ltr'>Hesych.</span> 
     </span>
     <span class='ocr_line' id='line_1_10' title="bbox 236 1551 1403 1638; baseline -0.003 -17"><span class='ocrx_word' id='word_1_54' title='bbox 236 1559 444 1621; x_wconf 83' lang='lat' dir='ltr'>mentionem</span> <span class='ocrx_word' id='word_1_55' title='bbox 458 1559 552 1620; x_wconf 82' lang='lat' dir='ltr'>facit:</span> <span class='ocrx_word' id='word_1_56' title='bbox 568 1557 752 1631; x_wconf 83' lang='grc' dir='ltr'><em>πλόιανος;</em></span> <span class='ocrx_word' id='word_1_57' title='bbox 777 1557 920 1636; x_wconf 77' lang='grc' dir='ltr'><em>δένδρον,</em></span> <span class='ocrx_word' id='word_1_58' title='bbox 937 1555 1018 1638; x_wconf 86' lang='grc' dir='ltr'><em>πρὸς</em></span> <span class='ocrx_word' id='word_1_59' title='bbox 1036 1551 1053 1618; x_wconf 80' lang='grc' dir='ltr'><em>ό</em></span> <span class='ocrx_word' id='word_1_60' title='bbox 1070 1555 1103 1618; x_wconf 83' lang='grc' dir='ltr'>οἱ</span> <span class='ocrx_word' id='word_1_61' title='bbox 1117 1558 1347 1636; x_wconf 76' lang='grc' dir='ltr'><em>γυναικονόμοι</em></span> <span class='ocrx_word' id='word_1_62' title='bbox 1358 1556 1403 1637; x_wconf 77' lang='lat'>⁵²)</span> 
     </span>
     <span class='ocr_line' id='line_1_11' title="bbox 236 1658 1405 1744; baseline -0.002 -20"><span class='ocrx_word' id='word_1_63' title='bbox 236 1661 295 1736; x_wconf 77' lang='grc' dir='ltr'><em>ἰός</em></span> <span class='ocrx_word' id='word_1_64' title='bbox 318 1663 432 1744; x_wconf 82' lang='grc' dir='ltr'><strong><em>ζημίας</em></strong></span> <span class='ocrx_word' id='word_1_65' title='bbox 462 1661 498 1722; x_wconf 79' lang='grc' dir='ltr'>ἐν</span> <span class='ocrx_word' id='word_1_66' title='bbox 529 1658 711 1740; x_wconf 77' lang='grc' dir='ltr'><em>λευκόματι</em></span> <span class='ocrx_word' id='word_1_67' title='bbox 740 1662 942 1734; x_wconf 65' lang='grc' dir='ltr'><em>ἐξετίθεσαν,</em></span> <span class='ocrx_word' id='word_1_68' title='bbox 974 1677 993 1720; x_wconf 87' lang='lat' dir='ltr'>e</span> <span class='ocrx_word' id='word_1_69' title='bbox 1022 1659 1159 1741; x_wconf 87' lang='lat' dir='ltr'>reliquis</span> <span class='ocrx_word' id='word_1_70' title='bbox 1189 1661 1405 1742; x_wconf 79' lang='lat' dir='ltr'>scriptoribus</span> 
     </span>
     <span class='ocr_line' id='line_1_12' title="bbox 236 1757 1407 1846; baseline -0.003 -18"><span class='ocrx_word' id='word_1_71' title='bbox 236 1766 432 1830; x_wconf 81' lang='lat' dir='ltr'>Athenaeus</span> <span class='ocrx_word' id='word_1_72' title='bbox 455 1784 486 1846; x_wconf 93' lang='lat' dir='ltr'>p.</span> <span class='ocrx_word' id='word_1_73' title='bbox 511 1762 572 1824; x_wconf 82' lang='lat'>245</span> <span class='ocrx_word' id='word_1_74' title='bbox 588 1765 614 1825; x_wconf 95' lang='grc' dir='ltr'>Β</span> <span class='ocrx_word' id='word_1_75' title='bbox 632 1771 666 1826; x_wconf 86' lang='lat' dir='ltr'>et</span> <span class='ocrx_word' id='word_1_76' title='bbox 689 1762 731 1826; x_wconf 79' lang='lat' dir='ltr'>C:</span> <span class='ocrx_word' id='word_1_77' title='bbox 756 1757 807 1825; x_wconf 80' lang='grc' dir='ltr'><em>’ότι</em></span> <span class='ocrx_word' id='word_1_78' title='bbox 831 1763 864 1823; x_wconf 88' lang='grc' dir='ltr'>δ’</span> <span class='ocrx_word' id='word_1_79' title='bbox 887 1763 926 1844; x_wconf 74' lang='grc' dir='ltr'>’ὴν</span> <span class='ocrx_word' id='word_1_80' title='bbox 949 1762 1030 1836; x_wconf 72' lang='grc' dir='ltr'><em>ἔθος</em></span> <span class='ocrx_word' id='word_1_81' title='bbox 1053 1761 1128 1836; x_wconf 71' lang='grc' dir='ltr'><em>τοὺς</em></span> <span class='ocrx_word' id='word_1_82' title='bbox 1152 1763 1407 1844; x_wconf 77' lang='grc' dir='ltr'><em>γυναικονόμους</em></span> 
     </span>
     <span class='ocr_line' id='line_1_13' title="bbox 236 1861 1405 1956; baseline -0.002 -28"><span class='ocrx_word' id='word_1_83' title='bbox 236 1870 364 1951; x_wconf 74' lang='grc' dir='ltr'><em>ἐφορᾶν</em></span> <span class='ocrx_word' id='word_1_84' title='bbox 386 1863 428 1956; x_wconf 83' lang='grc' dir='ltr'><em>τόι</em></span> <span class='ocrx_word' id='word_1_85' title='bbox 453 1861 619 1946; x_wconf 81' lang='grc' dir='ltr'><em>συμπόσια</em></span> <span class='ocrx_word' id='word_1_86' title='bbox 641 1867 697 1927; x_wconf 84' lang='grc' dir='ltr'>καλ</span> <span class='ocrx_word' id='word_1_87' title='bbox 720 1866 882 1940; x_wconf 78' lang='grc' dir='ltr'><em>ἐξετάζειν</em></span> <span class='ocrx_word' id='word_1_88' title='bbox 900 1867 966 1928; x_wconf 81' lang='grc' dir='ltr'>τῶν</span> <span class='ocrx_word' id='word_1_89' title='bbox 988 1864 1192 1947; x_wconf 75' lang='grc' dir='ltr'><em>κεκλημένων</em></span> <span class='ocrx_word' id='word_1_90' title='bbox 1220 1863 1278 1928; x_wconf 86' lang='grc' dir='ltr'>τόν</span> <span class='ocrx_word' id='word_1_91' title='bbox 1308 1863 1405 1948; x_wconf 71' lang='grc' dir='ltr'><em>ἀριδ-</em></span> 
     </span>
     <span class='ocr_line' id='line_1_14' title="bbox 235 1965 1408 2054; baseline -0.003 -21"><span class='ocrx_word' id='word_1_92' title='bbox 235 1970 299 2051; x_wconf 90' lang='grc' dir='ltr'>μόν</span> <span class='ocrx_word' id='word_1_93' title='bbox 328 1965 399 2048; x_wconf 81' lang='grc' dir='ltr'>εἰό</span> <span class='ocrx_word' id='word_1_94' title='bbox 428 1968 513 2032; x_wconf 85' lang='grc' dir='ltr'><em>κατὰ</em></span> <span class='ocrx_word' id='word_1_95' title='bbox 542 1968 645 2049; x_wconf 90' lang='grc' dir='ltr'><em>νόμον</em></span> <span class='ocrx_word' id='word_1_96' title='bbox 678 1971 757 2041; x_wconf 80' lang='grc' dir='ltr'><em>ἐστι’,</em></span> <span class='ocrx_word' id='word_1_97' title='bbox 797 1965 961 2052; x_wconf 77' lang='grc' dir='ltr'><em>Τιμοκλῆς</em></span> <span class='ocrx_word' id='word_1_98' title='bbox 994 1967 1030 2030; x_wconf 76' lang='grc' dir='ltr'>ἐν</span> <span class='ocrx_word' id='word_1_99' title='bbox 1054 1967 1273 2054; x_wconf 73' lang='grc' dir='ltr'><em>Φιλοδικαστῇ</em></span> <span class='ocrx_word' id='word_1_100' title='bbox 1307 1987 1408 2052; x_wconf 77' lang='grc' dir='ltr'><em>φησιν</em></span> 
     </span>
     <span class='ocr_line' id='line_1_15' title="bbox 194 2068 1406 2152; baseline -0.002 -18"><span class='ocrx_word' id='word_1_101' title='bbox 194 2087 196 2090; x_wconf 83' lang='grc'><strong>’</strong></span> <span class='ocrx_word' id='word_1_102' title='bbox 238 2068 414 2147; x_wconf 71' lang='grc' dir='ltr'><em>οὕτως...</em></span> <span class='ocrx_word' id='word_1_103' title='bbox 438 2070 634 2151; x_wconf 83' lang='grc' dir='ltr'><em>Μένανδρος</em></span> <span class='ocrx_word' id='word_1_104' title='bbox 658 2071 688 2132; x_wconf 83' lang='grc' dir='ltr'>δ’</span> <span class='ocrx_word' id='word_1_105' title='bbox 717 2073 753 2132; x_wconf 76' lang='grc' dir='ltr'>ἐν</span> <span class='ocrx_word' id='word_1_106' title='bbox 776 2069 979 2152; x_wconf 78' lang='grc' dir='ltr'><em>Κεκρυφάλῳ</em></span> <span class='ocrx_word' id='word_1_107' title='bbox 1086 2073 1142 2132; x_wconf 77' lang='grc' dir='ltr'>καὶ</span> <span class='ocrx_word' id='word_1_108' title='bbox 1172 2068 1352 2151; x_wconf 83' lang='grc' dir='ltr'><em>Φιλόχορος</em></span> <span class='ocrx_word' id='word_1_109' title='bbox 1375 2071 1406 2132; x_wconf 86' lang='grc' dir='ltr'>δ’</span> 
     </span>
     <span class='ocr_line' id='line_1_16' title="bbox 237 2169 1406 2264; baseline 0.001 -28"><span class='ocrx_word' id='word_1_110' title='bbox 237 2177 273 2237; x_wconf 79' lang='grc' dir='ltr'>δν</span> <span class='ocrx_word' id='word_1_111' title='bbox 296 2173 416 2262; x_wconf 73' lang='grc' dir='ltr'><em>ἑβδόμῃ</em></span> <span class='ocrx_word' id='word_1_112' title='bbox 434 2171 586 2249; x_wconf 77' lang='grc' dir='ltr'><em>Ἀτθίδος</em></span> <span class='ocrx_word' id='word_1_113' title='bbox 615 2173 669 2258; x_wconf 77' lang='lat' dir='ltr'>„oc‘</span> <span class='ocrx_word' id='word_1_114' title='bbox 696 2173 939 2264; x_wconf 81' lang='grc' dir='ltr'><em>γυναικονόμοι.</em></span> <span class='ocrx_word' id='word_1_115' title='bbox 969 2176 1077 2257; x_wconf 76' lang='grc' dir='ltr'><em>φησιν,</em></span> <span class='ocrx_word' id='word_1_116' title='bbox 1107 2172 1191 2254; x_wconf 83' lang='grc' dir='ltr'><em>μετὰ</em></span> <span class='ocrx_word' id='word_1_117' title='bbox 1220 2179 1286 2236; x_wconf 78' lang='grc' dir='ltr'>τῶν</span> <span class='ocrx_word' id='word_1_118' title='bbox 1303 2169 1406 2256; x_wconf 72' lang='grc' dir='ltr'><em>Ἀριο-</em></span> 
     </span>
     <span class='ocr_line' id='line_1_17' title="bbox 238 2275 1407 2359; baseline -0.002 -19"><span class='ocrx_word' id='word_1_119' title='bbox 238 2283 382 2359; x_wconf 82' lang='grc' dir='ltr'><em>παγιτῶν</em></span> <span class='ocrx_word' id='word_1_120' title='bbox 410 2276 573 2340; x_wconf 77' lang='grc' dir='ltr'><em>ἐσκόπουν</em></span> <span class='ocrx_word' id='word_1_121' title='bbox 607 2275 666 2353; x_wconf 86' lang='grc' dir='ltr'>τός</span> <span class='ocrx_word' id='word_1_122' title='bbox 692 2280 727 2340; x_wconf 80' lang='grc' dir='ltr'>ἐν</span> <span class='ocrx_word' id='word_1_123' title='bbox 762 2284 833 2352; x_wconf 85' lang='grc' dir='ltr'><em>ταῖς</em></span> <span class='ocrx_word' id='word_1_124' title='bbox 868 2276 986 2352; x_wconf 83' lang='grc' dir='ltr'><em>οἰκίαις</em></span> <span class='ocrx_word' id='word_1_125' title='bbox 1016 2275 1171 2352; x_wconf 89' lang='grc' dir='ltr'><em>συνόδους</em></span> <span class='ocrx_word' id='word_1_126' title='bbox 1206 2275 1241 2340; x_wconf 72' lang='grc' dir='ltr'>ἔν</span> <span class='ocrx_word' id='word_1_127' title='bbox 1270 2299 1304 2338; x_wconf 79' lang='grc' dir='ltr'>τε</span> <span class='ocrx_word' id='word_1_128' title='bbox 1339 2283 1407 2352; x_wconf 80' lang='grc' dir='ltr'><em>τοῖς</em></span> 
     </span>
     <span class='ocr_line' id='line_1_18' title="bbox 163 2363 868 2463; baseline 0.006 -26"><span class='ocrx_word' id='word_1_129' title='bbox 163 2434 165 2437; x_wconf 87' lang='grc'>.</span> <span class='ocrx_word' id='word_1_130' title='bbox 239 2363 356 2463; x_wconf 82' lang='grc' dir='ltr'><em>γόμοις</em></span> <span class='ocrx_word' id='word_1_131' title='bbox 379 2376 444 2442; x_wconf 76' lang='grc' dir='ltr'>κᾶν</span> <span class='ocrx_word' id='word_1_132' title='bbox 467 2385 538 2454; x_wconf 81' lang='grc' dir='ltr'><em>ταῖς</em></span> <span class='ocrx_word' id='word_1_133' title='bbox 562 2365 679 2455; x_wconf 79' lang='grc' dir='ltr'><em>όῖλλαις</em></span> <span class='ocrx_word' id='word_1_134' title='bbox 701 2367 868 2454; x_wconf 73' lang='grc' dir='ltr'><em>δυσίαις.“</em></span> 
     </span>
    </p>

    <p class='ocr_par' dir='ltr' id='par_1_5' title="bbox 238 2480 1408 4101">
     <span class='ocr_line' id='line_1_19' title="bbox 322 2480 1403 2566; baseline -0.001 -21"><span class='ocrx_word' id='word_1_135' title='bbox 322 2484 373 2546; x_wconf 87' lang='lat' dir='ltr'>Ac</span> <span class='ocrx_word' id='word_1_136' title='bbox 384 2484 523 2546; x_wconf 87' lang='lat' dir='ltr'>Boeckh</span> <span class='ocrx_word' id='word_1_137' title='bbox 537 2483 674 2566; x_wconf 89' lang='lat' dir='ltr'>quidem</span> <span class='ocrx_word' id='word_1_138' title='bbox 687 2483 811 2563; x_wconf 81' lang='lat' dir='ltr'>(Atthis</span> <span class='ocrx_word' id='word_1_139' title='bbox 825 2482 856 2546; x_wconf 89' lang='lat' dir='ltr'>d.</span> <span class='ocrx_word' id='word_1_140' title='bbox 868 2483 1031 2563; x_wconf 73' lang='lat' dir='ltr'>Philoch,</span> <span class='ocrx_word' id='word_1_141' title='bbox 1043 2481 1095 2544; x_wconf 85' lang='lat' dir='ltr'>Kl.</span> <span class='ocrx_word' id='word_1_142' title='bbox 1110 2481 1239 2544; x_wconf 84' lang='lat' dir='ltr'>Schrilt.</span> <span class='ocrx_word' id='word_1_143' title='bbox 1256 2483 1286 2544; x_wconf 88' lang='lat' dir='ltr'>V</span> <span class='ocrx_word' id='word_1_144' title='bbox 1298 2503 1330 2564; x_wconf 89' lang='lat' dir='ltr'>p.</span> <span class='ocrx_word' id='word_1_145' title='bbox 1344 2480 1403 2544; x_wconf 85' lang='lat'>421</span> 
     </span>
     <span class='ocr_line' id='line_1_20' title="bbox 238 2584 1407 2668; baseline 0.001 -19"><span class='ocrx_word' id='word_1_146' title='bbox 238 2589 348 2668; x_wconf 79' lang='lat' dir='ltr'>sqq.)‚&#39;</span> <span class='ocrx_word' id='word_1_147' title='bbox 369 2605 445 2648; x_wconf 87' lang='lat' dir='ltr'>cum</span> <span class='ocrx_word' id='word_1_148' title='bbox 475 2585 766 2648; x_wconf 87' lang='lat' dir='ltr'>animadvertisset</span> <span class='ocrx_word' id='word_1_149' title='bbox 791 2605 809 2648; x_wconf 91' lang='lat' dir='ltr'>e</span> <span class='ocrx_word' id='word_1_150' title='bbox 831 2585 1024 2649; x_wconf 88' lang='lat' dir='ltr'>Philochori</span> <span class='ocrx_word' id='word_1_151' title='bbox 1051 2584 1136 2646; x_wconf 90' lang='lat' dir='ltr'>libro</span> <span class='ocrx_word' id='word_1_152' title='bbox 1168 2586 1310 2666; x_wconf 89' lang='lat' dir='ltr'>septimo</span> <span class='ocrx_word' id='word_1_153' title='bbox 1341 2592 1407 2650; x_wconf 89' lang='lat' dir='ltr'>tres</span> 
     </span>
     <span class='ocr_line' id='line_1_21' title="bbox 238 2683 1406 2772; baseline 0.002 -22"><span class='ocrx_word' id='word_1_154' title='bbox 238 2685 450 2771; x_wconf 75' lang='lat' dir='ltr'>magistiatus</span> <span class='ocrx_word' id='word_1_155' title='bbox 475 2683 696 2768; x_wconf 73' lang='grc' dir='ltr'><em>(ἀποστολεῖς,</em></span> <span class='ocrx_word' id='word_1_156' title='bbox 720 2685 958 2770; x_wconf 73' lang='grc' dir='ltr'><em>νομοφύλακες,</em></span> <span class='ocrx_word' id='word_1_157' title='bbox 989 2684 1234 2766; x_wconf 66' lang='grc' dir='ltr'><em>γυναικονόμοι)</em></span> <span class='ocrx_word' id='word_1_158' title='bbox 1263 2686 1406 2772; x_wconf 81' lang='lat' dir='ltr'>laudari,</span> 
     </span>
     <span class='ocr_line' id='line_1_22' title="bbox 238 2789 1406 2873; baseline 0.002 -21"><span class='ocrx_word' id='word_1_159' title='bbox 238 2792 302 2853; x_wconf 89' lang='lat' dir='ltr'>hoc</span> <span class='ocrx_word' id='word_1_160' title='bbox 324 2809 394 2853; x_wconf 89' lang='lat' dir='ltr'>non</span> <span class='ocrx_word' id='word_1_161' title='bbox 418 2809 498 2853; x_wconf 90' lang='lat' dir='ltr'>casu</span> <span class='ocrx_word' id='word_1_162' title='bbox 521 2793 656 2873; x_wconf 79' lang='lat' dir='ltr'>factum,</span> <span class='ocrx_word' id='word_1_163' title='bbox 680 2792 739 2855; x_wconf 87' lang='lat' dir='ltr'>sed</span> <span class='ocrx_word' id='word_1_164' title='bbox 763 2791 809 2854; x_wconf 88' lang='lat' dir='ltr'>ibi</span> <span class='ocrx_word' id='word_1_165' title='bbox 831 2789 1039 2872; x_wconf 88' lang='lat' dir='ltr'>reipublicae</span> <span class='ocrx_word' id='word_1_166' title='bbox 1067 2791 1210 2852; x_wconf 86' lang='lat' dir='ltr'>formam</span> <span class='ocrx_word' id='word_1_167' title='bbox 1234 2794 1326 2854; x_wconf 87' lang='lat' dir='ltr'>certo</span> <span class='ocrx_word' id='word_1_168' title='bbox 1350 2792 1406 2854; x_wconf 88' lang='lat' dir='ltr'>ali·</span> 
     </span>
     <span class='ocr_line' id='line_1_23' title="bbox 240 2893 1406 2976; baseline 0.002 -21"><span class='ocrx_word' id='word_1_169' title='bbox 240 2911 306 2974; x_wconf 93' lang='lat' dir='ltr'>quo</span> <span class='ocrx_word' id='word_1_170' title='bbox 332 2897 486 2975; x_wconf 90' lang='lat' dir='ltr'>tempore</span> <span class='ocrx_word' id='word_1_171' title='bbox 510 2895 726 2959; x_wconf 78' lang='lat' dir='ltr'>constitutam</span> <span class='ocrx_word' id='word_1_172' title='bbox 750 2894 894 2957; x_wconf 85' lang='lat' dir='ltr'>describi</span> <span class='ocrx_word' id='word_1_173' title='bbox 908 2893 1039 2974; x_wconf 85' lang='lat' dir='ltr'>putavit</span> <span class='ocrx_word' id='word_1_174' title='bbox 1061 2896 1163 2974; x_wconf 87' lang='lat' dir='ltr'>atque</span> <span class='ocrx_word' id='word_1_175' title='bbox 1183 2893 1250 2955; x_wconf 89' lang='lat' dir='ltr'>hoc</span> <span class='ocrx_word' id='word_1_176' title='bbox 1274 2898 1406 2976; x_wconf 88' lang='lat' dir='ltr'>tempus</span> 
     </span>
     <span class='ocr_line' id='line_1_24' title="bbox 238 2984 1407 3077; baseline 0.001 -20"><span class='ocrx_word' id='word_1_177' title='bbox 238 2997 368 3058; x_wconf 88' lang='lat' dir='ltr'>nullum</span> <span class='ocrx_word' id='word_1_178' title='bbox 398 2994 490 3058; x_wconf 91' lang='lat' dir='ltr'>aliud</span> <span class='ocrx_word' id='word_1_179' title='bbox 520 3014 594 3058; x_wconf 90' lang='lat' dir='ltr'>esse</span> <span class='ocrx_word' id='word_1_180' title='bbox 622 3015 723 3077; x_wconf 91' lang='lat' dir='ltr'>posse</span> <span class='ocrx_word' id='word_1_181' title='bbox 757 2997 821 3058; x_wconf 89' lang='lat' dir='ltr'>nisi</span> <span class='ocrx_word' id='word_1_182' title='bbox 850 2984 1014 3057; x_wconf 88' lang='lat' dir='ltr'>Demetrii</span> <span class='ocrx_word' id='word_1_183' title='bbox 1041 2995 1270 3076; x_wconf 75' lang='lat' dir='ltr'>Phalerensis,</span> <span class='ocrx_word' id='word_1_184' title='bbox 1306 3014 1407 3076; x_wconf 89' lang='lat' dir='ltr'>quem</span> 
     </span>
     <span class='ocr_line' id='line_1_25' title="bbox 238 3096 1407 3184; baseline 0.001 -25"><span class='ocrx_word' id='word_1_185' title='bbox 238 3098 410 3160; x_wconf 86' lang='lat' dir='ltr'>labantem</span> <span class='ocrx_word' id='word_1_186' title='bbox 438 3115 510 3159; x_wconf 89' lang='lat' dir='ltr'>rem</span> <span class='ocrx_word' id='word_1_187' title='bbox 538 3097 709 3178; x_wconf 85' lang='lat' dir='ltr'>publicam</span> <span class='ocrx_word' id='word_1_188' title='bbox 744 3099 840 3160; x_wconf 83' lang='lat' dir='ltr'>novis</span> <span class='ocrx_word' id='word_1_189' title='bbox 870 3096 1000 3178; x_wconf 82' lang='lat' dir='ltr'>legibus</span> <span class='ocrx_word' id='word_1_190' title='bbox 1031 3103 1236 3184; x_wconf 85' lang='lat' dir='ltr'>temperasse</span> <span class='ocrx_word' id='word_1_191' title='bbox 1266 3103 1407 3160; x_wconf 86' lang='lat' dir='ltr'>constat.</span> 
     </span>
     <span class='ocr_line' id='line_1_26' title="bbox 240 3195 1406 3281; baseline 0.001 -19"><span class='ocrx_word' id='word_1_192' title='bbox 240 3204 443 3262; x_wconf 85' lang='lat' dir='ltr'>eumautem</span> <span class='ocrx_word' id='word_1_193' title='bbox 460 3198 665 3274; x_wconf 76' lang='grc' dir='ltr'><em>ἀποστολέας</em></span> <span class='ocrx_word' id='word_1_194' title='bbox 683 3202 751 3262; x_wconf 89' lang='lat' dir='ltr'>iam</span> <span class='ocrx_word' id='word_1_195' title='bbox 762 3195 1000 3262; x_wconf 88' lang='lat' dir='ltr'>Demosthenis</span> <span class='ocrx_word' id='word_1_196' title='bbox 1014 3202 1125 3260; x_wconf 86' lang='lat' dir='ltr'>aetate</span> <span class='ocrx_word' id='word_1_197' title='bbox 1137 3199 1240 3261; x_wconf 89' lang='lat' dir='ltr'>fuisse</span> <span class='ocrx_word' id='word_1_198' title='bbox 1252 3201 1406 3281; x_wconf 79' lang='lat' dir='ltr'>sciamus,</span> 
     </span>
     <span class='ocr_line' id='line_1_27' title="bbox 239 3297 1405 3382; baseline 0.001 -18"><span class='ocrx_word' id='word_1_199' title='bbox 239 3303 303 3364; x_wconf 90' lang='lat' dir='ltr'>hoc</span> <span class='ocrx_word' id='word_1_200' title='bbox 326 3297 406 3363; x_wconf 90' lang='lat' dir='ltr'>satis</span> <span class='ocrx_word' id='word_1_201' title='bbox 434 3302 552 3364; x_wconf 87' lang='lat' dir='ltr'>habuit</span> <span class='ocrx_word' id='word_1_202' title='bbox 581 3319 872 3366; x_wconf 84' lang='lat' dir='ltr'>commemorasse.</span> <span class='ocrx_word' id='word_1_203' title='bbox 923 3302 1072 3382; x_wconf 88' lang='lat' dir='ltr'>reliquos</span> <span class='ocrx_word' id='word_1_204' title='bbox 1102 3301 1187 3364; x_wconf 92' lang='lat' dir='ltr'>duos</span> <span class='ocrx_word' id='word_1_205' title='bbox 1219 3301 1355 3365; x_wconf 89' lang='lat' dir='ltr'>demum</span> <span class='ocrx_word' id='word_1_206' title='bbox 1383 3323 1405 3365; x_wconf 85' lang='lat' dir='ltr'>e</span> 
     </span>
     <span class='ocr_line' id='line_1_28' title="bbox 239 3403 1407 3488; baseline 0.003 -23"><span class='ocrx_word' id='word_1_207' title='bbox 239 3403 412 3466; x_wconf 86' lang='lat' dir='ltr'>Demetrio</span> <span class='ocrx_word' id='word_1_208' title='bbox 435 3403 605 3466; x_wconf 90' lang='lat' dir='ltr'>institutos</span> <span class='ocrx_word' id='word_1_209' title='bbox 622 3422 696 3466; x_wconf 90' lang='lat' dir='ltr'>esse</span> <span class='ocrx_word' id='word_1_210' title='bbox 713 3405 894 3467; x_wconf 88' lang='lat' dir='ltr'>contendit.</span> <span class='ocrx_word' id='word_1_211' title='bbox 927 3404 969 3467; x_wconf 91' lang='lat' dir='ltr'>de</span> <span class='ocrx_word' id='word_1_212' title='bbox 991 3405 1296 3485; x_wconf 89' lang='lat' dir='ltr'>nomophylacibus</span> <span class='ocrx_word' id='word_1_213' title='bbox 1320 3410 1407 3488; x_wconf 79' lang='lat' dir='ltr'>sunt,</span> 
     </span>
     <span class='ocr_line' id='line_1_29' title="bbox 240 3505 1407 3589; baseline 0.003 -23"><span class='ocrx_word' id='word_1_214' title='bbox 240 3507 298 3587; x_wconf 91' lang='lat' dir='ltr'>qui</span> <span class='ocrx_word' id='word_1_215' title='bbox 319 3505 493 3569; x_wconf 90' lang='lat' dir='ltr'>Boeckhio</span> <span class='ocrx_word' id='word_1_216' title='bbox 518 3506 718 3589; x_wconf 79' lang='lat' dir='ltr'>obstiterint,</span> <span class='ocrx_word' id='word_1_217' title='bbox 741 3507 784 3569; x_wconf 93' lang='lat' dir='ltr'>de</span> <span class='ocrx_word' id='word_1_218' title='bbox 807 3508 1071 3588; x_wconf 83' lang='lat' dir='ltr'>gynaecononris</span> <span class='ocrx_word' id='word_1_219' title='bbox 1102 3523 1219 3569; x_wconf 91' lang='lat' dir='ltr'>omnes</span> <span class='ocrx_word' id='word_1_220' title='bbox 1249 3512 1307 3571; x_wconf 90' lang='lat' dir='ltr'>aut</span> <span class='ocrx_word' id='word_1_221' title='bbox 1329 3527 1407 3570; x_wconf 93' lang='lat' dir='ltr'>eum</span> 
     </span>
     <span class='ocr_line' id='line_1_30' title="bbox 239 3609 1408 3692; baseline 0.002 -22"><span class='ocrx_word' id='word_1_222' title='bbox 239 3609 346 3670; x_wconf 89' lang='lat' dir='ltr'>secuti</span> <span class='ocrx_word' id='word_1_223' title='bbox 380 3614 457 3670; x_wconf 90' lang='lat' dir='ltr'>sunt</span> <span class='ocrx_word' id='word_1_224' title='bbox 490 3615 548 3671; x_wconf 85' lang='lat' dir='ltr'>aut</span> <span class='ocrx_word' id='word_1_225' title='bbox 575 3627 647 3672; x_wconf 92' lang='lat' dir='ltr'>rem</span> <span class='ocrx_word' id='word_1_226' title='bbox 679 3610 715 3672; x_wconf 93' lang='lat' dir='ltr'>in</span> <span class='ocrx_word' id='word_1_227' title='bbox 744 3609 847 3672; x_wconf 87' lang='lat' dir='ltr'>dubio</span> <span class='ocrx_word' id='word_1_228' title='bbox 881 3611 1098 3692; x_wconf 86' lang='lat' dir='ltr'>reliquerunt.</span> <span class='ocrx_word' id='word_1_229' title='bbox 1143 3609 1283 3672; x_wconf 88' lang='lat' dir='ltr'>Boeckh</span> <span class='ocrx_word' id='word_1_230' title='bbox 1311 3630 1408 3672; x_wconf 90' lang='lat' dir='ltr'>suam</span> 
     </span>
     <span class='ocr_line' id='line_1_31' title="bbox 239 3707 1406 3778; baseline 0.001 -5"><span class='ocrx_word' id='word_1_231' title='bbox 239 3709 442 3773; x_wconf 84' lang='lat' dir='ltr'>sententiam</span> <span class='ocrx_word' id='word_1_232' title='bbox 452 3711 500 3772; x_wconf 88' lang='lat' dir='ltr'>ita</span> <span class='ocrx_word' id='word_1_233' title='bbox 512 3709 676 3774; x_wconf 88' lang='lat' dir='ltr'>defendit:</span> <span class='ocrx_word' id='word_1_234' title='bbox 700 3713 872 3774; x_wconf 89' lang='lat' dir='ltr'>neminem</span> <span class='ocrx_word' id='word_1_235' title='bbox 885 3717 963 3774; x_wconf 89' lang='lat' dir='ltr'>ante</span> <span class='ocrx_word' id='word_1_236' title='bbox 974 3707 1213 3778; x_wconf 86' lang='lat' dir='ltr'>Philochorum</span> <span class='ocrx_word' id='word_1_237' title='bbox 1226 3713 1406 3776; x_wconf 87' lang='lat' dir='ltr'>Athenien-</span> 
     </span>
     <span class='ocr_line' id='line_1_32' title="bbox 239 3813 1408 3896; baseline 0.002 -22"><span class='ocrx_word' id='word_1_238' title='bbox 239 3813 326 3874; x_wconf 89' lang='lat' dir='ltr'>sium</span> <span class='ocrx_word' id='word_1_239' title='bbox 350 3829 624 3894; x_wconf 80' lang='lat' dir='ltr'>gynaeconomos</span> <span class='ocrx_word' id='word_1_240' title='bbox 649 3831 923 3896; x_wconf 77' lang='lat' dir='ltr'>commemorare,</span> <span class='ocrx_word' id='word_1_241' title='bbox 946 3813 1162 3876; x_wconf 88' lang='lat' dir='ltr'>Aristotelem</span> <span class='ocrx_word' id='word_1_242' title='bbox 1187 3814 1294 3896; x_wconf 84' lang='lat' dir='ltr'>(polit.</span> <span class='ocrx_word' id='word_1_243' title='bbox 1308 3816 1363 3896; x_wconf 80' lang='lat' dir='ltr'>VI,</span> <span class='ocrx_word' id='word_1_244' title='bbox 1387 3813 1408 3876; x_wconf 89' lang='grc'>8</span> 
     </span>
     <span class='ocr_line' id='line_1_33' title="bbox 238 3909 1407 3999; baseline 0.003 -23"><span class='ocrx_word' id='word_1_245' title='bbox 238 3915 309 3994; x_wconf 86' lang='lat' dir='ltr'>fin.)</span> <span class='ocrx_word' id='word_1_246' title='bbox 340 3916 430 3976; x_wconf 91' lang='lat' dir='ltr'>enim</span> <span class='ocrx_word' id='word_1_247' title='bbox 458 3913 502 3976; x_wconf 92' lang='lat' dir='ltr'>de</span> <span class='ocrx_word' id='word_1_248' title='bbox 530 3909 647 3980; x_wconf 84' lang='lat' dir='ltr'>Atticis</span> <span class='ocrx_word' id='word_1_249' title='bbox 676 3915 927 3998; x_wconf 81' lang='lat' dir='ltr'>magistratibus</span> <span class='ocrx_word' id='word_1_250' title='bbox 957 3916 1069 3978; x_wconf 90' lang='lat' dir='ltr'>dicere</span> <span class='ocrx_word' id='word_1_251' title='bbox 1097 3934 1167 3978; x_wconf 91' lang='lat' dir='ltr'>non</span> <span class='ocrx_word' id='word_1_252' title='bbox 1189 3935 1299 3999; x_wconf 78' lang='lat' dir='ltr'>posse,</span> <span class='ocrx_word' id='word_1_253' title='bbox 1331 3936 1407 3980; x_wconf 88' lang='lat' dir='ltr'>cum</span> 
     </span>
     <span class='ocr_line' id='line_1_34' title="bbox 239 3998 1408 4101; baseline 0.005 -24"><span class='ocrx_word' id='word_1_254' title='bbox 239 3998 427 4079; x_wconf 86' lang='lat' dir='ltr'>secundum</span> <span class='ocrx_word' id='word_1_255' title='bbox 458 4017 569 4098; x_wconf 90' lang='lat' dir='ltr'>ipsum</span> <span class='ocrx_word' id='word_1_256' title='bbox 609 4038 629 4080; x_wconf 89' lang='lat' dir='ltr'>a</span> <span class='ocrx_word' id='word_1_257' title='bbox 663 4017 890 4082; x_wconf 80' lang='lat' dir='ltr'>democretius</span> <span class='ocrx_word' id='word_1_258' title='bbox 929 4020 1060 4081; x_wconf 87' lang='lat' dir='ltr'>ratione</span> <span class='ocrx_word' id='word_1_259' title='bbox 1098 4018 1335 4101; x_wconf 85' lang='lat' dir='ltr'>abhorrerent,</span> <span class='ocrx_word' id='word_1_260' title='bbox 1373 4025 1408 4083; x_wconf 92' lang='lat' dir='ltr'>et</span> 
     </span>
    </p>
   </div>
   <div class='ocr_carea' id='block_1_5' title="bbox 237 4271 1411 4598">
    <p class='ocr_par' dir='ltr' id='par_1_6' title="bbox 237 4271 1411 4598">
     <span class='ocr_line' id='line_1_35' title="bbox 309 4271 1408 4342; baseline 0.004 -20"><span class='ocrx_word' id='word_1_261' title='bbox 309 4271 345 4338; x_wconf 76' lang='lat'>⁵¹)</span> <span class='ocrx_word' id='word_1_262' title='bbox 380 4274 409 4323; x_wconf 87' lang='lat' dir='ltr'>iu</span> <span class='ocrx_word' id='word_1_263' title='bbox 425 4272 485 4338; x_wconf 84' lang='lat' dir='ltr'>¹bac</span> <span class='ocrx_word' id='word_1_264' title='bbox 511 4274 649 4340; x_wconf 74' lang='lat' dir='ltr'>scriptura</span> <span class='ocrx_word' id='word_1_265' title='bbox 677 4275 786 4339; x_wconf 85' lang='lat' dir='ltr'>praeter</span> <span class='ocrx_word' id='word_1_266' title='bbox 814 4272 958 4324; x_wconf 88' lang='lat' dir='ltr'>Pollucem</span> <span class='ocrx_word' id='word_1_267' title='bbox 988 4287 1085 4324; x_wconf 86' lang='lat' dir='ltr'>omues</span> <span class='ocrx_word' id='word_1_268' title='bbox 1113 4276 1289 4326; x_wconf 86' lang='lat' dir='ltr'>consentiunt</span> <span class='ocrx_word' id='word_1_269' title='bbox 1323 4278 1408 4342; x_wconf 84' lang='lat' dir='ltr'>atque</span> 
     </span>
     <span class='ocr_line' id='line_1_36' title="bbox 239 4351 1407 4427; baseline 0.002 -17"><span class='ocrx_word' id='word_1_270' title='bbox 239 4359 323 4410; x_wconf 83' lang='lat' dir='ltr'>etiam</span> <span class='ocrx_word' id='word_1_271' title='bbox 341 4359 429 4426; x_wconf 85' lang='lat' dir='ltr'>ipsius</span> <span class='ocrx_word' id='word_1_272' title='bbox 449 4358 570 4422; x_wconf 82' lang='lat' dir='ltr'>Pollucis</span> <span class='ocrx_word' id='word_1_273' title='bbox 584 4358 693 4410; x_wconf 81' lang='lat' dir='ltr'>codices</span> <span class='ocrx_word' id='word_1_274' title='bbox 707 4359 816 4426; x_wconf 84' lang='lat' dir='ltr'>aliquot</span> <span class='ocrx_word' id='word_1_275' title='bbox 827 4358 932 4413; x_wconf 85' lang='lat' dir='ltr'>habent</span> <span class='ocrx_word' id='word_1_276' title='bbox 942 4351 1136 4425; x_wconf 85' lang='grc' dir='ltr'><em>γυναικονόμοι</em></span> <span class='ocrx_word' id='word_1_277' title='bbox 1148 4360 1194 4411; x_wconf 79' lang='lat' dir='ltr'>vel</span> <span class='ocrx_word' id='word_1_278' title='bbox 1206 4353 1407 4427; x_wconf 86' lang='grc' dir='ltr'><em>γυναικοκόμοι.</em></span> 
     </span>
     <span class='ocr_line' id='line_1_37' title="bbox 237 4443 1411 4516; baseline 0.001 -20"><span class='ocrx_word' id='word_1_279' title='bbox 237 4459 288 4496; x_wconf 86' lang='lat' dir='ltr'>nec</span> <span class='ocrx_word' id='word_1_280' title='bbox 305 4445 414 4513; x_wconf 78' lang='lat' dir='ltr'>dubito,</span> <span class='ocrx_word' id='word_1_281' title='bbox 437 4445 505 4512; x_wconf 87' lang='lat' dir='ltr'>quin</span> <span class='ocrx_word' id='word_1_282' title='bbox 528 4443 596 4499; x_wconf 80' lang='lat' dir='ltr'>haec</span> <span class='ocrx_word' id='word_1_283' title='bbox 619 4443 702 4496; x_wconf 88' lang='lat' dir='ltr'>lectio</span> <span class='ocrx_word' id='word_1_284' title='bbox 727 4443 834 4496; x_wconf 88' lang='lat' dir='ltr'>Polluci</span> <span class='ocrx_word' id='word_1_285' title='bbox 858 4460 971 4512; x_wconf 85' lang='lat' dir='ltr'>quoque</span> <span class='ocrx_word' id='word_1_286' title='bbox 989 4445 1162 4496; x_wconf 85' lang='lat' dir='ltr'>restituenda</span> <span class='ocrx_word' id='word_1_287' title='bbox 1186 4451 1213 4498; x_wconf 86' lang='lat' dir='ltr'>et</span> <span class='ocrx_word' id='word_1_288' title='bbox 1237 4446 1307 4498; x_wconf 80' lang='lat' dir='ltr'>falsa</span> <span class='ocrx_word' id='word_1_289' title='bbox 1324 4446 1374 4498; x_wconf 85' lang='lat' dir='ltr'>illa</span> <span class='ocrx_word' id='word_1_290' title='bbox 1393 4463 1411 4516; x_wconf 80' lang='lat' dir='ltr'>e</span> 
     </span>
     <span class='ocr_line' id='line_1_38' title="bbox 238 4531 1177 4598; baseline 0.001 -16"><span class='ocrx_word' id='word_1_291' title='bbox 238 4535 371 4598; x_wconf 83' lang='lat' dir='ltr'>sequente</span> <span class='ocrx_word' id='word_1_292' title='bbox 391 4531 577 4598; x_wconf 81' lang='lat' dir='ltr'>explicatione</span> <span class='ocrx_word' id='word_1_293' title='bbox 597 4536 658 4582; x_wconf 85' lang='lat' dir='ltr'>orta</span> <span class='ocrx_word' id='word_1_294' title='bbox 676 4532 720 4582; x_wconf 85' lang='lat' dir='ltr'>sit.</span> <span class='ocrx_word' id='word_1_295' title='bbox 1175 4540 1177 4543; x_wconf 83' lang='grc'><strong>’</strong></span> 
     </span>
    </p>
   </div>
   <div class='ocr_carea' id='block_1_6' title="bbox 0 0 1605 5136">
    <p class='ocr_par' dir='ltr' id='par_1_7' title="bbox 0 0 1605 5136">
     <span class='ocr_line' id='line_1_39' title="bbox 0 0 1605 5136; baseline 0 0"><span class='ocrx_word' id='word_1_296' title='bbox 0 0 1605 5136; x_wconf 95' lang='lat' dir='ltr'> </span> 
     </span>
    </p>
   </div>
  </div>
 </body>
</html>
