3180 5136
839 413 880 480 76

276 641 353 685 cum
376 642 493 686 eorum
513 641 638 687 nomen
661 626 854 688 etiamnunc
876 627 985 686 exstet
1004 623 1077 687 aliis
1091 623 1175 686 locis
1191 621 1436 707 (apudAndoc.

274 726 291 790 Ι
312 723 354 788 tt
375 728 410 790 in
431 727 660 808 psephismate
683 729 826 792 orationi
846 729 982 809 inserto,
1006 727 1097 808 quod
1113 727 1334 809 Harpocratio
1359 727 1439 792 alibi

274 828 399 911 laudat,
412 834 445 892 et
455 830 553 893 Dem.
561 830 668 893 XLIII
678 829 719 893 57
730 832 766 894 in
776 831 861 913 lege,
875 848 976 912 quam
989 829 1125 912 quidem
1137 830 1260 895 diserte
1271 847 1439 912 nusquam

275 932 355 994 citat
367 932 599 1015 Harpocratio,
623 937 735 996 tamen
758 934 840 997 alias
856 933 1009 998 eiusdem
1025 933 1184 996 orationis
1198 931 1315 1018 leges).
1346 931 1438 995 deni-

275 1052 342 1116 que
365 1037 500 1099 omnino
523 1054 584 1117 per
605 1040 713 1099 totum
734 1036 870 1100 lexicon
892 1037 1088 1118 saepissime
1103 1035 1365 1099 Aristocrateam
1387 1053 1438 1098 re-

274 1139 392 1220 spexit.
435 1139 550 1221 itaque
571 1138 747 1220 probabile
775 1143 826 1202 est
854 1157 932 1202 eum
959 1139 1024 1202 illis
1054 1139 1209 1202 omnibus
1237 1139 1321 1202 locis
1349 1157 1437 1202 com-

273 1242 474 1304 mentarium
484 1242 783 1306 Demosthenicum
799 1242 1001 1324 adhibuisse,
1012 1240 1104 1304 haud
1119 1241 1222 1304 dubie
1231 1241 1371 1322 Didymi
1379 1240 1438 1320 ⁸⁸).

274 1345 428 1407 novimus
451 1350 564 1407 autem
585 1343 724 1426 Didymi
752 1363 880 1408 morem
910 1348 960 1423 (et
982 1363 1084 1426 supra
1102 1361 1238 1427 quoque
1260 1345 1380 1407 saltem
1401 1345 1438 1406 in

272 1447 318 1526 τῷ
333 1446 389 1508 ἐπὶ
404 1445 582 1529 Παλλαδίῳ
598 1449 776 1512 manifesto
793 1448 974 1512 observare
988 1451 1197 1530 poteramus)
1215 1447 1438 1529 complurium

275 1553 450 1613 auctorum
471 1551 663 1614 testimonia
685 1551 874 1633 colligendi.
919 1555 1022 1633 atque
1048 1568 1092 1612 ex
1113 1550 1172 1613 illo
1195 1551 1436 1613 commentario

275 1653 375 1715 etiam
396 1652 543 1716 Pollucis
566 1657 684 1716 auctor
704 1654 738 1716 111
756 1657 788 1731 §5
807 1650 974 1715 tlt-*120
989 1653 1148 1716 hauserat
1170 1653 1214 1732 (si
1227 1670 1298 1715 non
1313 1651 1437 1734 omnia,

274 1759 364 1818 certe
394 1755 533 1838 aliqua),
563 1757 601 1818 cf.
632 1774 721 1838 quae
749 1755 793 1819 ad
820 1755 894 1820 illas
924 1761 957 1834 §5
987 1755 1030 1818 de
1057 1755 1205 1819 Pollucis
1233 1759 1267 1818 11
1294 1754 1438 1818 aliorum

274 1859 514 1921 communitate
536 1859 678 1922 fontium
701 1858 850 1922 disserui.
889 1877 993 1942 quare
1015 1859 1196 1922 verisimile
1218 1862 1269 1920 est
1288 1858 1437 1921 Pollucis

273 1965 444 2024 auctorem
472 1962 572 2024 etiam
599 1962 634 2025 in
663 1963 791 2044 ephebis
818 1963 853 2024 in
880 1961 1117 2025 Demosthenis
1147 1961 1299 2024 oratione
1327 1961 1436 2042 spatio

272 2081 341 2126 non
363 2065 411 2126 111
436 2064 539 2146 longo
567 2066 764 2146 interposito
793 2065 1063 2128 commemoratis
1093 2062 1238 2126 eundem
1267 2081 1437 2126 commen-

272 2167 393 2230 tarium
417 2166 547 2230 adiisse.
583 2167 642 2230 sed
666 2167 709 2230 de
730 2169 859 2250 ephetis
880 2167 1048 2249 Didymus
1069 2185 1113 2230 ex
1134 2167 1214 2248 ipsis
1237 2167 1437 2249 oratoribus,

273 2271 403 2332 etiamsi
425 2274 495 2332 tum
517 2271 637 2353 integri
659 2275 865 2353 supererant,
894 2272 951 2333 vix
973 2271 1079 2333 multa
1099 2274 1232 2352 poterat
1254 2287 1372 2332 eruere
1393 2305 1438 2316 -—

272 2374 418 2457 probant
438 2375 505 2438 hoc
527 2393 603 2437 cum
626 2375 693 2438 1111
714 2379 784 2438 turn
812 2376 981 2439 rarissima
1010 2375 1206 2457 ephetarum
1233 2390 1437 2436 commemo-

271 2478 355 2540 ratio
379 2479 557 2559 -itaque
581 2479 748 2560 congessit
769 2497 863 2541 more
886 2496 947 2542 suo
971 2478 1113 2540 aliorum
1133 2477 1330 2558 scriptorum
1347 2477 1437 2538 testi-

271 2581 394 2643 monia.
440 2579 532 2662 quod
554 2582 694 2644 sirecte
717 2581 893 2664 disputavi,
923 2585 1064 2664 apparet
1087 2599 1131 2644 ex
1151 2579 1437 2660 Harpocrationis‚

273 2702 372 2766 quem
395 2701 456 2747 suo
479 2685 561 2766 iure,
584 2688 622 2746 ut
644 2689 714 2746 tum
735 2703 789 2748 res
813 2691 918 2768 erant,
940 2686 983 2748 M.
1003 2683 1043 2746 Η.
1063 2685 1101 2746 Ε.
1119 2684 1224 2746 Meier
1244 2684 1295 2745 vir
1315 2683 1435 2746 harum

270 2805 382 2851 rerum
396 2788 614 2869 peritissimus
630 2787 966 2870 „lexicographorum
983 2787 1198 2869 Graecorum,
1216 2787 1273 2869 qui
1288 2790 1429 2850 aetatem

271 2892 428 2972 tulerunt,
450 2892 645 2974 principem,
673 2891 781 2954 virum
809 2893 970 2973 imprimis
999 2889 1175 2972 eruditum,
1205 2888 1338 2952 errandi
1366 2892 1436 2952 fere

271 2993 441 3057 nescium“
468 2997 602 3075 poterat
630 2994 812 3075 appellare,
842 3013 885 3057 111
914 2994 1011 3057 huius
1039 2995 1139 3076 igitur
1160 2993 1435 3075 Harpocratiouis

271 3117 347 3161 cum
369 3096 518 3177 Polluce,
548 3114 648 3178 quem
678 3097 799 3160 totiens
829 3097 1012 3180 depravata
1039 3095 1228 3159 1111111111111
1250 3095 1435 3178 deprehen-

271 3199 397 3281 dimus,
435 3200 686 3281 comparatione
716 3201 852 3263 omnino
881 3201 964 3263 nihil
990 3217 1054 3263 nos
1081 3199 1253 3282 proficere.
1298 3218 1435 3281 prorsus

271 3303 361 3366 enim
384 3303 563 3383 nescimus,
587 3321 687 3385 quem
704 3303 811 3385 exiis,
835 3321 920 3385 qnos
934 3303 1101 3385 Didymus
1120 3303 1311 3385 collegerat,
1333 3306 1434 3387 scrip-

271 3405 399 3469 toribus
426 3405 647 3487 Harpocratio
658 3405 715 3489 ⁸⁹),
746 3425 846 3488 quem
875 3407 938 3469 sibi
965 3407 1111 3469 Pollucis
1141 3410 1258 3469 auctor
1285 3406 1434 3489 elegerit,

270 3512 345 3571 uter
367 3526 483 3571 eorum
505 3510 647 3572 fortasse
660 3511 764 3592 ipsius
778 3510 917 3590 Didymi
932 3511 1132 3572 sententiam
1147 3510 1337 3572 servaverit.
1365 3511 1434 3572 iam

269 3612 304 3673 in
325 3613 433 3694 ipsam
456 3613 637 3675 testimonii
658 3614 834 3676 veritatem
858 3617 891 3674 et
914 3614 1050 3676 omnino
1073 3613 1108 3674 in
1125 3615 1229 3675 totam
1245 3612 1288 3675 de
1304 3614 1433 3694 ephetis

271 3715 502 3797 quaestionem
523 3733 584 3798 per
609 3717 671 3778 hos
699 3733 805 3778 annos
835 3720 903 3778 tam
931 3717 1051 3780 aeriter
1078 3716 1237 3797 agitatam
1264 3716 1434 3796 inquirere

269 3836 382 3901 neque
396 3836 509 3881 meum
531 3836 644 3900 neque
664 3819 762 3881 huius
784 3819 851 3881 loci
874 3823 933 3882 est.
973 3817 1058 3882 illud
1080 3822 1194 3881 autem
1215 3817 1433 3882 vehementer

271 3920 381 4003 doleo,
405 3921 497 4004 quod
520 3921 562 3984 de
586 3926 723 3985 auctore
747 3922 867 3985 certius
884 3921 1067 4003 quidquam
1081 3938 1271 4002 proponere
1285 3938 1431 4004 nequeo.

339 4259 377 4326 ⁸⁸)
412 4259 446 4312 cf.
469 4257 552 4326 Harp.
574 4273 596 4310 s.
619 4273 646 4309 v.
670 4249 685 4306 ὁ
708 4248 831 4308 κάτωθεν
858 4248 954 4322 adpo&
983 4270 1018 4306 ex
1045 4269 1102 4323 qno
1127 4253 1325 4306 commentario
1349 4255 1433 4306 etiam

269 4345 371 4400 Pollux
389 4349 403 4411 §
423 4344 473 4399 128
490 4346 536 4398 fin.
554 4343 644 4396 fluxit.

340 4467 377 4535 ⁸⁹)
412 4467 535 4536 Philippi
553 4465 572 4518 1.
584 4465 602 4518 1.
615 4481 642 4533 p.
654 4463 706 4517 209
718 4478 758 4532 sq.
771 4467 845 4517 carto
864 4466 915 4517 scit
931 4463 1153 4532 Harpocratiouis
1171 4464 1311 4513 auctorem
1323 4458 1431 4514 Aristo-

269 4555 353 4609 telem
371 4556 466 4608 fnisse.
