3180 5136
764 393 916 494 ja-

258 605 410 686 congnuit
439 603 574 685 Gregor.
606 601 753 667 Corinth.
781 603 816 665 in
845 604 942 666 Rhet.
967 601 1085 666 Gracc.
1109 601 1162 668 ed.
1184 603 1281 664 Waln
1303 602 1366 666 VH
1386 623 1418 684 p.

260 703 340 768 1120
355 707 428 788 sq),
445 706 540 769 aliter
554 706 700 787 Hesych.
717 701 915 788 ἀμφιορκίαε
940 699 1020 769 ὅταν
1042 702 1075 767 ot
1097 701 1301 784 δικαζόμενοι
1324 699 1419 787 ἀλλή-

256 807 325 884 λοις
347 803 510 888 ὀμνύωσιν
544 814 577 871 et
610 804 828 892 ἀμφωμοσίαε
863 803 943 871 ὅταν
971 811 1038 871 τῶν
1066 806 1286 886 δικαζομένων
1312 803 1329 870 ὁ
1359 811 1420 887 μὲν

258 909 437 995 προομόσῃ,
468 905 485 973 δ
509 909 544 974 δὲ
566 908 729 996 ἐπομόσῃ.
773 909 901 990 λέγεται
935 909 969 972 δὲ
1000 911 1056 972 καὶ
1084 906 1277 994 ἀμφιορκία.
1320 911 1419 993 bene,

257 1017 359 1097 aiunt,
380 1014 579 1097 Hesychius,
602 1013 685 1076 falso
707 1013 840 1077 Pollux.
885 1014 965 1076 mihi
992 1014 1077 1076 haec
1100 1015 1276 1096 sententia,
1306 1032 1419 1095 quarn-

257 1137 358 1200 quam
392 1135 454 1199 per
481 1135 518 1180 se
545 1116 782 1198 probabilitate
810 1134 880 1180 non
908 1121 1008 1198 caret,
1043 1121 1155 1179 tamen
1189 1118 1327 1180 minime
1357 1135 1419 1198 pro

258 1225 349 1283 certa
375 1219 532 1283 habenda
558 1218 698 1283 videtur.
750 1238 805 1283 res
836 1220 925 1282 enim
953 1225 1005 1283 cst
1033 1220 1215 1283 obscurior.
1263 1220 1420 1282 novimus

258 1323 324 1386 duo
349 1324 420 1386 eius
442 1322 654 1386 iurisiurandi
682 1325 829 1405 nomina,
859 1322 951 1405 quod
977 1323 1155 1406 litigantes,
1185 1326 1218 1385 et
1245 1327 1421 1386 accusator

257 1430 291 1489 et
311 1443 399 1508 reue,
422 1425 561 1491 dabant:
586 1424 746 1505 διωμοσία
762 1430 796 1488 et
811 1420 1011 1506 ἀντωμοσία,
1035 1444 1078 1488 ex
1092 1425 1238 1505 Hesyoh.
1254 1423 1422 1488 accedunt

257 1529 324 1592 duo
348 1529 414 1590 alia
436 1524 621 1612 δμῳιορκία
644 1532 677 1591 et
700 1523 912 1610 ἀμφωμοσίο.
951 1530 1025 1611 quis
1049 1533 1172 1610 autem,
1197 1545 1333 1610 quaeso,
1356 1528 1422 1591 sibi

256 1631 458 1714 persuadeat
480 1631 623 1695 eandem
651 1649 722 1694 rem
751 1632 785 1694 in
808 1632 881 1694 loro
903 1631 1015 1694 Attico
1045 1634 1202 1714 quattuor
1229 1630 1421 1694 nominibus

257 1735 460 1818 appellatam
483 1736 606 1798 fuisse?
650 1752 762 1816 neque
791 1738 924 1797 exstant
944 1733 1106 1815 Hesychii
1133 1733 1301 1796 vocabula
1329 1735 1422 1815 apud

256 1838 371 1921 ullum,
402 1839 459 1920 qui
482 1837 526 1899 ad
547 1855 610 1899 nos
631 1839 994 1926 pervenit„oratorem
1023 1840 1080 1899 aut
1107 1837 1210 1900 alium
1237 1841 1419 1900 auctorem.

256 1943 349 2023 atqui
371 1939 529 2004 discimus
552 1957 571 2002 e
593 1939 823 2022 Theophrasto
849 1939 955 2022 (apud
976 1939 1112 2022 Harp.]:
1153 1934 1196 2012 ὡς
1222 1937 1418 2002 κατελέλυτο

253 2041 292 2106 τὸ
316 2041 396 2116 ἔθος
417 2045 527 2117 τοῦτο,
555 2043 591 2106 id
615 2042 705 2125 quod
735 2061 852 2106 omnes
881 2049 1043 2125 quantum
1072 2043 1141 2106 scio
1169 2043 1217 2105 ita
1244 2042 1418 2105 intellexe-

254 2149 341 2227 runt,
373 2150 410 2208 ut
431 2145 545 2209 locum
568 2149 698 2208 tantum
720 2137 886 2208 mutatum
914 2163 988 2208 esse
1012 2149 1178 2228 putarent,
1206 2145 1417 2208 iurisiurandi

254 2251 421 2312 rationem
444 2248 588 2312 eandem
610 2249 781 2312 mansisse.
812 2249 891 2331 quid
907 2252 1031 2331 autem,
1054 2251 1081 2311 si
1096 2265 1165 2312 non
1180 2248 1291 2311 solum
1305 2248 1417 2312 locum

255 2351 475 2433 (Ardettum),
487 2351 548 2414 scd
562 2356 670 2414 totum
680 2350 807 2414 iudices
819 2351 1034 2415 iureiurando
1048 2350 1279 2433 obstringendi
1290 2368 1418 2414 morem

255 2453 418 2516 abolitum
442 2471 515 2516 esse
539 2453 669 2516 dixerat
685 2453 935 2537 Theophrastus
945 2453 990 2533 ⁸⁶)
1014 2471 1209 2535 novumque
1230 2454 1418 2516 institutum

254 2557 439 2639 addiderat,
463 2559 490 2620 si
512 2558 611 2620 huius
634 2559 798 2640 expositio
820 2559 904 2622 latet
924 2560 959 2621 in
972 2557 1121 2621 Pollucis
1136 2557 1269 2622 verbis?
1306 2573 1417 2639 neque

255 2662 344 2723 enim
368 2662 479 2724 obstat
500 2661 713 2724 iurisiurandi
734 2662 879 2724 formula
892 2661 1152 2743 Theophrasteis
1168 2660 1304 2723 aliunde
1317 2661 1417 2723 inter·

253 2765 373 2847 posita,
396 2768 430 2826 ct
452 2767 662 2847 quantopere
685 2765 852 2846 quaedam
873 2764 1037 2828 hocloco
1062 2767 1234 2826 contracta
1255 2764 1330 2845 sint,
1353 2766 1418 2825 sta·

253 2868 313 2928 tim
345 2867 543 2930 videbimus
597 2868 645 2930 ite
685 2885 755 2929 non
799 2867 994 2930 mirabimur
1035 2866 1124 2949 apud
1158 2870 1308 2929 oratores
1342 2865 1419 2928 illas

252 2988 354 3032 voces
383 2988 452 3033 non
480 2970 556 3052 legi.
608 2974 682 3032 uter
710 2972 823 3033 autem
852 2971 963 3033 verius
990 2971 1227 3052 interpretatus
1256 2969 1313 3050 sit,
1342 2972 1418 3030 uter

255 3073 424 3154 erraverit,
449 3077 539 3135 certo
563 3074 620 3135 vix
641 3074 765 3154 poterit
787 3072 969 3136 diiudicari.
1015 3073 1058 3136 ab
1086 3076 1232 3154 utroque
1260 3072 1418 3134 abhorret

255 3175 345 3238 Suid.
368 3196 399 3239 v.
424 3170 608 3258 δμφιορκία
632 3173 738 3252 (unde
761 3175 934 3253 Zonaras).

336 3311 452 3375 Tradit
474 3310 596 3374 deinde
619 3312 742 3374 Pollux
764 3311 807 3374 de
829 3329 969 3374 numero
992 3312 1151 3394 iudicum,
1182 3285 1270 3394 quae
1284 3316 1321 3373 ut
1336 3329 1414 3373 cum

253 3417 371 3479 ceteris
394 3415 616 3498 grammaticis
641 3415 860 3478 concilientur
883 3450 921 3462 -
944 3416 979 3477 hi
1000 3416 1101 3496 enim,
1125 3416 1182 3497 qui
1206 3414 1340 3497 quidem
1359 3413 1415 3476 ali-

253 3517 333 3600 quid
356 3517 398 3580 de
417 3535 558 3582 numero
575 3517 713 3600 addunt,
737 3523 794 3580 aut
810 3518 902 3580 mille
918 3521 975 3580 aut
990 3518 1081 3580 milla
1098 3519 1308 3601 quingentos,
1332 3517 1415 3580 lalso

252 3605 364 3702 Steph.
387 3620 467 3700 Byn.
497 3621 589 3684 mille
618 3620 782 3683 ducentos
809 3623 844 3682 in
871 3620 1003 3683 heliaea
1032 3620 1224 3684 consedisse
1251 3622 1416 3702 referunt,

253 3742 329 3785 cum
361 3721 500 3785 Polluce
535 3724 703 3805 conspirat
735 3743 840 3786 unum
874 3724 977 3788 schol.
1006 3723 1104 3786 Arist.
1132 3724 1233 3805 Vesp.
1262 3720 1304 3786 88
1330 3711 1416 3806 ἦσαν

252 3825 286 3888 δὲ
312 3821 467 3908 ἡλιασταί
503 3820 560 3887 τδυ
598 3822 746 3907 ἀριθμὸν
774 3827 815 3906 φ’
850 3861 891 3870 -
923 3826 1070 3889 Pollucis
1106 3820 1239 3908 ἡλιαίαν
1275 3843 1415 3889 necesse

253 3933 303 3992 est
335 3946 405 3992 non
438 3932 557 3992 notum
588 3928 672 3991 illud
707 3932 740 3991 et
767 3929 962 4010 maximum,
998 3928 1058 3992 sed
1086 3929 1205 3992 latiore
1231 3929 1290 3992 illa
1318 3930 1415 4012 signi-

322 4271 360 4337 85)
395 4272 430 4326 cl.
449 4287 521 4341 quae
539 4273 604 4325 huic
622 4273 685 4326 loco
704 4274 846 4328 simillima
864 4279 929 4327 sunt
946 4274 1020 4344 apud
1038 4275 1124 4328 schol.
1135 4275 1247 4328 Lucian.
1260 4273 1415 4329 Timon.30

247 4353 412 4428 Ὑπέρβολος
431 4347 517 4424 οὗτος,
536 4353 573 4420 ὡς
589 4354 750 4425 Ἀνδροτίων
767 4358 858 4427 φησίν,
873 4353 1053 4426 Ἀντιφάνους
1069 4349 1112 4428 ἦν,
1130 4352 1162 4413 δν
1175 4355 1358 4428 ὥστρακίσθοιι
1370 4356 1416 4414 διὰ

252 4440 480 4512 φαυλότητα...
504 4443 546 4498 ἐπὶ
568 4446 649 4498 τοῦτο
673 4442 701 4498 δὲ
724 4445 770 4499 καί
791 4442 823 4498 τὸ
847 4443 912 4510 ἔθος
933 4449 982 4500 τοῦ
1007 4443 1183 4516 ὀοτοακισμοῦ
1207 4441 1354 4516 κατελύθη,
1378 4441 1416 4510 otc

252 4525 428 4600 Θεόφραστος
445 4529 474 4585 ἐν
489 4533 527 4603 τῷ
539 4531 606 4601 ,περὶ
624 4528 727 4600 Νόμων
743 4529 808 4600 λίνω
820 4573 827 4588 .
840 4572 864 4588 ..
