3180 5136
747 385 789 450 59

178 615 210 655 τι
238 592 293 678 δέῃ
323 596 458 675 πρᾶγμα
484 597 663 676 ἐπικρῖναι,
699 592 919 675 κατακλρσίας
953 595 1087 656 ἐποίουν
1120 597 1184 655 τῶν
1217 596 1253 656 ἐν
1279 599 1349 666 τοῖς

180 693 291 776 ἀγροῖς
327 696 517 772 adnotarem
551 717 630 760 nam
664 698 698 760 in
730 697 902 760 Ammonii
936 697 1048 778 glossa
1081 697 1191 776 ipsum
1224 696 1350 758 lemma

181 799 306 864 differt:
331 798 484 883 ἐκκλησία
506 802 561 862 καί
584 798 781 881 κατάκλησις
805 797 964 881 διαφέρει.
1009 797 1182 880 ἐκκλησίαν
1204 797 1347 879 μὲνγὰρ

181 900 292 982 ἔλεγον
319 901 353 964 οἱ
374 899 543 986 Ἀθηναῖοι
565 902 626 986 τὴν
655 902 792 964 σύνοδον
813 903 879 964 τῶν
902 899 988 964 κατὰ
1015 899 1076 986 τὴν
1097 899 1204 963 πόλιν.
1249 899 1349 964 κατά-

178 1002 293 1087 κλησιν
322 1005 372 1078 δέ,
408 1000 508 1068 ὁπότε
536 1007 592 1068 καί
619 1004 694 1078 τοὺς
729 1005 764 1066 δκ
793 1007 859 1066 τῶν
895 999 1002 1085 ἀγρῶν
1032 1002 1233 1084 συνεκάλουν
1268 1002 1351 1084 πρὸς

179 1107 357 1188 ἐπίσκεψιν
378 1108 515 1188 μείζονα
537 1110 603 1172 τῶν
625 1105 837 1189 πραγμάτων.
883 1115 1057 1170 auctorem
1080 1109 1203 1172 nescia.
1300 1161 1305 1168 .

384 1300 544 1360 ταμιαα

264 1400 551 1482 Frequentissima
573 1404 607 1462 et
629 1400 764 1461 navium
782 1417 951 1461 sacrarum
976 1403 1010 1461 et
1031 1403 1212 1463 nautarum
1235 1419 1351 1466 carum

182 1505 233 1563 est
266 1502 355 1583 apud
389 1503 648 1584 lexicographos
683 1506 716 1563 et
750 1501 947 1564 scholiastes
982 1505 1270 1566 commemoratio,
1315 1504 1350 1567 id

184 1608 296 1666 tanten
327 1604 520 1667 observavi:
540 1604 610 1676 ,ulti
641 1604 831 1686 complures
858 1605 977 1666 harum
1011 1605 1148 1667 navium
1177 1607 1351 1687 proferunt

183 1709 401 1789 grammatici,
424 1725 534 1790 paene
558 1725 675 1770 omnes
691 1706 944 1770 Demetriadem
968 1724 1104 1788 qnoque
1129 1717 1161 1768 et
1176 1709 1350 1790 Antigoni-

182 1808 259 1872 dem
284 1813 318 1888 (e
340 1810 558 1889 Philochoro)
589 1808 727 1891 addunt,
756 1809 860 1872 schol.
890 1810 987 1871 Dem.
1017 1809 1100 1871 XXI
1130 1807 1188 1871 171
1217 1816 1352 1892 praeter

182 1895 242 1974 has
264 1914 365 1974 etiarn
386 1912 643 1976 Ptolemaidem.
687 1911 846 1973 Paralum
875 1911 1172 1996 Salaminiamque‚
1201 1919 1238 1974 ut
1261 1914 1350 1995 apud

180 2005 486 2096 Pollucem,‘sclas
515 2017 824 2078 commemorante
851 2013 1100 2117 lexicographis
1131 2020 1261 2079 tantum
1283 2017 1349 2080 lex.

180 2118 286 2180 Bekk.
300 2115 372 2200 293,
389 2117 408 2178 3
425 2119 565 2181 etPhot.
578 2120 612 2180 in
631 2115 792 2194 altera⁶¹)
810 2117 922 2198 glossa
937 2115 1099 2197 πάραλος,
1115 2117 1174 2181 sed
1190 2137 1352 2201 semper

182 2221 346 2283 scholia
377 2223 417 2282 in
441 2218 838 2304 Aristophanemffl).
891 2239 996 2302 quare
1028 2221 1217 2304 putaverim
1251 2223 1351 2285 etiam

181 2324 344 2387 Polluces
360 2342 379 2386 e
396 2325 563 2404 (Didymi)
582 2325 823 2386 commentario
839 2323 895 2386 vel
909 2313 1021 2386 lanice
1039 2324 1168 2386 comico
1184 2344 1350 2389 manasse.

181 2427 281 2489 facile
310 2427 353 2490 ad
383 2428 549 2490 comicum
579 2428 679 2489 etiam
708 2445 777 2490 vox
805 2423 987 2506 παραλῐιαι
1015 2427 1233 2509 spectaverit,
1264 2447 1352 2510 qnae

181 2529 284 2594 hodie
317 2549 485 2612 nusquam
525 2529 660 2592 videtur
699 2529 766 2611 legi
801 2534 834 2591 et
868 2548 969 2612 qnam
1008 2533 1143 2611 praeter
1174 2530 1350 2594 Pollucem

181 2634 274 2696 solus
302 2633 448 2714 Hesych.
471 2634 589 2697 habet:
623 2631 821 2715 παραλίτης;
858 2627 967 2695 δάπδ
990 2635 1045 2714 τῆς
1069 2629 1244 2713 Παράλου·
1274 2629 1292 2716 ἡ
1317 2632 1352 2696 δὲ

131 2771 134 2778 ,
181 2735 365 2798 Ηδὲστιν
394 2733 467 2816 ἱερὰ
496 2733 640 2814 sawt).
691 2736 830 2798 Boeckh
860 2735 1018 2813 (Staatsh.
1048 2734 1064 2796 I
1090 2754 1122 2816 p.
1147 2731 1243 2817 236),
1274 2755 1350 2798 oum

181 2840 325 2920 primum
357 2839 510 2902 Pollucei
543 2840 610 2901 loci
645 2839 855 2901 enuntiatum
891 2837 934 2900 ad
963 2837 1179 2900 Aristotelem
1215 2841 1348 2920 referat,

183 2961 249 3024 qno
295 2948 493 3024 argumento
541 2961 621 3006 usus
662 2943 720 3024 sit,
766 2942 892 3004 nescio.
961 2945 1052 3003 certe
1091 2945 1162 3002 tum
1207 2941 1348 3004 verbum

183 3044 379 3126 λειτουργεῖν
407 3045 528 3108 latiore
557 3045 800 3128 significatione
830 3048 882 3123 (τ-
903 3061 1040 3126 operam
1069 3061 1211 3125 navare,
1242 3044 1352 3106 officia

442 3203 488 3210 ...-

252 3302 289 3367 ⁶¹)
325 3307 389 3354 utor
406 3301 511 3354 Naberi
529 3300 660 3368 editione,
685 3302 734 3368 qni
757 3301 971 3367 perversissimo
994 3298 1100 3351 iudicio
1124 3300 1265 3367 epitomen
1283 3299 1351 3352 Har·
1376 3330 1379 3336 ,

180 3391 350 3457 poerationis
370 3404 387 3440 a
405 3387 506 3440 Photio
525 3387 617 3440 lexico
636 3403 688 3440 sno
706 3389 838 3439 insertam
858 3387 960 3438 omisit.

253 3475 290 3542 θ’)
326 3475 380 3528 Av.
401 3475 458 3528 147.
476 3474 514 3526 ib.
534 3473 609 3528 1204.
628 3473 701 3526 Eeel.
720 3471 762 3526 38.
780 3473 848 3525 Rau.
867 3471 927 3524 204.
945 3472 982 3524 ib.
1003 3471 1078 3524 1071.

253 3563 290 3628 ⁶³)
326 3563 378 3614 hac
397 3563 543 3614 occasione
562 3575 628 3613 usus
647 3560 822 3626 Bernhardyi
845 3565 968 3622 errorem
991 3574 1047 3610 nna
1070 3574 1133 3610 curn
1156 3574 1250 3611 errore
1268 3559 1352 3612 Rosci

183 3651 360 3702 correxerim.
380 3650 428 3718 qni
441 3648 583 3699 diversum
595 3649 625 3698 in
638 3647 752 3698 modum
766 3645 906 3714 explicant
917 3644 997 3696 Phot.
1008 3647 1054 3711 (=
1063 3643 1154 3712 Suid.)
1173 3639 1305 3710 πάραλοςε

182 3729 264 3788 ὁπότε
283 3732 311 3787 δὲ
330 3731 358 3786 ἐκ
376 3735 423 3800 τῆς
441 3726 593 3798 ἀλλοδαπῆς
610 3729 837 3800 μεταμίμψασθαι
849 3726 996 3799 στρατηγὸν
1007 3725 1155 3802 ἠβούλοντο
1174 3723 1262 3798 άίσπερ
1278 3724 1351 3783 Ἀλκι-

182 3816 281 3892 βιάδην
294 3814 348 3874 άπὸ
361 3820 493 3886 Σικελίας,
510 3819 543 3888 τῇ
555 3813 667 3888 παράλῳ
679 3815 806 3886 ἐχρῶντο·
825 3815 926 3885 λέγεται
936 3814 967 3870 δὲ
979 3813 996 3885 ἡ
1009 3813 1077 3882 αὖοι)
1096 3816 1142 3870 καὶ
1158 3815 1352 3885 Σαλαμινία...

181 3909 231 3962 ille
255 3908 290 3959 nd
313 3907 391 3960 Snid.
415 3923 437 3960 s.
460 3925 487 3959 v.
511 3906 572 3960 vult
595 3908 790 3975 grammaticos
820 3904 943 3958 indicare
972 3921 1088 3973 „navem
1112 3905 1231 3972 publicis
1254 3906 1352 3958 usibus

183 3995 349 4048 destinatam
372 4010 445 4046 nune
467 3993 647 4047 Salaminiam
671 3992 807 4062 appellari
834 4009 907 4045 nnnc
930 3992 1058 4044 Paralum
1085 4007 1177 4060 neque
1205 3993 1352 4044 ministerii

183 4083 251 4134 fines
277 4095 391 4147 prorsus
415 4083 542 4132 accurate
566 4079 701 4132 discretos
725 4079 838 4131 fuissef‘
880 4079 924 4130 hic
946 4096 973 4146 p.
996 4077 1048 4132 443
1072 4093 1194 4130 errorem
1217 4080 1352 4146 agnoscit,

159 4167 233 4219 sed
260 4183 295 4218 ex
323 4165 520 4235 Ammoniade⁷
547 4169 591 4218 eui
617 4182 715 4218 revera
739 4171 821 4218 antea
838 4165 1006 4219 Salaminiae
1033 4180 1136 4218 nomen
1164 4165 1262 4234 fuerat,
1290 4181 1352 4217 eum

182 4253 282 4306 Paralo
302 4258 472 4306 commutata
490 4257 582 4305 ortum
607 4268 668 4304 esse
691 4255 792 4305 censet.
828 4258 857 4304 at
878 4252 997 4320 luerunt,
1022 4253 1070 4318 qui
1088 4250 1218 4302 Paralum
1236 4249 1352 4304 Salami-

183 4343 316 4408 niamqne
340 4340 453 4392 easdem
476 4355 538 4392 esse
560 4344 692 4407 putarent
715 4340 820 4391 seilicet
837 4353 923 4406 prava
945 4340 1081 4405 scriptura
1103 4335 1187 4390 Arist.
1207 4336 1260 4391 Av.
1286 4337 1353 4392 1204

184 4422 324 4497 (Πάραλος
346 4419 361 4490 ἡ
385 4425 539 4493 Σαλαμινία
562 4441 614 4493 pro
636 4417 666 4492 ἦ)
691 4427 832 4494 commoti,
855 4425 884 4476 id
909 4423 985 4493 qnod
1010 4423 1151 4475 ascholio
1175 4422 1210 4475 ad
1228 4423 1257 4476 h.
1275 4424 1293 4477 1.
1311 4426 1352 4476 in-

182 4514 333 4583 tellegitur.
