3194 5136
812 423 853 489 52

250 635 385 712 sumpta
406 632 546 712 agimus,
576 630 777 711 necessario,
807 629 937 712 opinor,
966 646 1010 690 ex
1040 628 1142 710 Harp.
1174 647 1250 692 cum
1277 628 1418 692 Polluce

251 733 374 797 collato
398 730 603 796 concludere
631 730 838 795 debebimus.
883 731 962 793 huic
990 732 1177 794 sententiae
1205 732 1352 814 minime,
1379 735 1418 793 ut

250 835 388 898 Boeokh
416 834 539 915 voluit,
575 833 673 898 obest
701 833 893 897 Philochori
922 833 1159 896 testimonium.
1211 852 1418 915 quamquam

250 938 340 1000 enim
361 937 451 999 hunc
472 937 508 998 in
528 935 615 1000 libro
645 937 788 1019 septimo
819 935 862 997 de
891 935 1054 998 Demetrii
1080 936 1238 998 institutis
1266 936 1418 998 locutum

250 1057 325 1102 esse
346 1037 532 1101 rectissime
553 1038 692 1101 Boeckh
715 1036 839 1125 docuit,
863 1040 976 1099 tamen
1004 1037 1039 1099 in
1062 1036 1185 1100 eodem
1206 1037 1291 1100 libro
1316 1037 1418 1100 etiam

249 1135 454 1214 ἀποστολέας
486 1139 641 1222 protulit,
676 1157 761 1221 quos
795 1143 873 1202 ante
905 1138 1108 1201 Phalereum
1139 1140 1309 1202 institutos
1343 1156 1418 1202 esse

249 1243 381 1305 scimus.
427 1241 487 1304 sed
509 1258 580 1303 non
601 1229 742 1304 necesse
765 1245 816 1304 est
837 1240 903 1303 huc
923 1241 1087 1322 refugere,
1112 1258 1188 1304 cum
1203 1242 1323 1304 melius
1344 1256 1417 1304 rem

251 1345 422 1426 explicare
443 1343 579 1425 possim.
610 1346 713 1406 restat
735 1345 825 1406 enim
848 1341 958 1405 adhuc
980 1341 1039 1404 ille
1054 1341 1166 1418 καινὸς
1182 1342 1291 1423 νόμος,
1316 1361 1417 1425 quem

248 1447 334 1510 falso
360 1447 598 1528 interpretatus
622 1448 673 1508 est
694 1446 842 1509 Boeckh.
886 1463 965 1506 nam
995 1450 1134 1528 apparet
1161 1446 1270 1509 officia
1292 1463 1416 1528 gynae-

250 1567 481 1632 conomorum,
505 1548 548 1611 de
564 1547 685 1632 quibus
702 1548 899 1611 Aristoteles
915 1547 1064 1628 loquitur
1079 1547 1185 1632 (polit.
1200 1549 1247 1610 IV
1265 1546 1303 1610 15
1318 1548 1417 1627 init),

247 1669 318 1715 non
351 1649 395 1714 ad
428 1667 546 1713 omnes
580 1651 670 1712 cives
703 1649 914 1731 pertinuisse,
948 1649 1009 1712 sed
1042 1649 1086 1712 ad
1119 1651 1209 1714 solas
1242 1651 1415 1713 mulieres:

250 1752 371 1816 eodem
393 1750 496 1815 modo
518 1768 573 1813 res
588 1768 626 1814 se
647 1751 751 1814 habet
766 1751 857 1832 apud
878 1751 1055 1815 Pollucem
1065 1750 1119 1836 ⁵³).
1149 1753 1246 1816 aliter
1268 1756 1417 1815 statuere

252 1854 417 1918 debemus
446 1852 489 1916 de
510 1853 674 1918 Demetrii
703 1854 967 1936 gynaeconomis
997 1851 1045 1937 (et
1073 1853 1117 1917 de
1137 1851 1417 1938 Plutarcheis⁵⁴),

320 2126 357 2194 ⁵¹)
393 2139 505 2178 causam
533 2139 581 2176 cnr
603 2124 707 2176 multae
733 2125 764 2176 in
787 2123 929 2178 Ceramico
949 2125 1079 2194 vulgatae
1106 2126 1169 2194 sint,
1196 2125 1314 2178 fortasse
1341 2140 1415 2177 com-

248 2216 371 2283 perimus
390 2227 405 2265 a
423 2211 503 2266 Phot.
521 2204 698 2278 Κεραμεικόςς
716 2203 800 2272 κόπος
817 2206 846 2262 ἐν
864 2200 885 2280 ᾦ
904 2205 1044 2279 ἑστήκασιν
1061 2209 1091 2262 αἱ
1102 2205 1210 2278 πόρναι,
1228 2224 1349 2279 quocum
1367 2211 1417 2264 alii

247 2299 420 2370 grammatici
438 2298 622 2351 consentiunt
1107 2317 1109 2322 ·

319 2385 356 2452 ⁶⁴)
392 2399 455 2438 cum
472 2383 636 2438 Plutarchus
654 2385 711 2444 σοῖς
735 2376 869 2450 ἡμετέροις
886 2376 980 2450 νόμοις
998 2385 1080 2450 dicat,
1103 2399 1161 2436 non
1180 2383 1272 2454 video,
1296 2400 1344 2437 cur
1361 2384 1416 2436 hoc

248 2486 305 2524 non
331 2470 368 2523 ad
384 2469 526 2522 Plutarchi
552 2472 600 2522 eut
622 2471 740 2538 patriam
767 2472 816 2520 aut
838 2472 957 2537 tempus,
984 2469 1034 2521 sed
1058 2485 1120 2521 cum
1143 2469 1235 2522 Roseo
1259 2486 1286 2539 p.
1305 2470 1357 2524 414
1379 2469 1415 2522 ad

247 2557 433 2610 Athenienses
455 2559 483 2608 et
503 2555 540 2608 ad
559 2555 695 2606 Demetrii
715 2554 818 2606 librum
839 2551 899 2621 περὶ
925 2554 972 2622 τῆς
989 2547 1110 2622 Ἀθήνησι
1130 2555 1295 2623 νομοθεσίας
1317 2573 1333 2608 a
1350 2557 1413 2608 Plu-

246 2643 342 2696 tarcho
356 2643 505 2696 oscitanter
523 2629 692 2710 exscriptum
710 2641 872 2694 referamus.
907 2641 993 2695 Rosei
1011 2643 1176 2694 sententiam
1195 2647 1354 2710 persecutus
1373 2649 1417 2695 est

245 2730 327 2782 Prinn
355 2728 403 2798 (de
424 2727 536 2781 Solonis
559 2726 716 2780 Plutarchei
739 2727 877 2796 lontibus,
906 2725 1021 2779 Bonnae
1050 2727 1130 2798 1867,
1159 2744 1186 2796 p.
1209 2728 1243 2781 26
1266 2733 1330 2797 sq.).
1370 2729 1416 2782 hic

247 2817 368 2883 primum
391 2814 445 2882 „de
467 2812 529 2866 1111ιι
557 2813 628 2880 (scil.
653 2810 834 2865 Chaeroneae
857 2816 1089 2882 gynaeconomis)
1116 2816 1208 2882 inquit
1235 2815 1321 2884 „alibi
1343 2815 1415 2867 nihil

245 2901 379 2954 traditum
397 2899 464 2954 αεῖιιι
500 2898 578 2968 quod
601 2902 796 2967 argumentum
819 2913 875 2950 non
901 2899 1018 2952 multum
1040 2915 1108 2952 sane
1129 2901 1217 2969 valet3
1247 2900 1317 2969 quid
1340 2903 1415 2954 enim

246 2990 361 3042 omuino
374 2986 410 3040 de
422 2985 585 3039 Chaeronea
596 2986 718 3038 scimus?
740 2984 769 3036 id
787 2990 879 3037 autem
898 2989 1006 3038 constat
1022 2987 1105 3038 etiam
1123 2987 1191 3038 alias
1208 2988 1292 3040 urbes
1305 2992 1416 3056 praeter

246 3072 371 3126 Athenas
390 3086 457 3124 suos
476 3084 704 3140 gynaeconomos
727 3069 869 3139 babuisse,
893 3071 927 3125 cf.
946 3071 1126 3124 Menandrum
1149 3071 1231 3138 (rhet
1256 3071 1351 3126 Graec.
1370 3074 1413 3126 ed.

246 3159 324 3210 Wala
342 3157 381 3209 IX
398 3173 426 3226 p.
444 3155 496 3210 204
514 3157 569 3225 sq.)
588 3149 703 3222 καὶγὰρ
725 3150 939 3224 γυναικονόμους
963 3154 1081 3208 πολλαὶ
1098 3157 1152 3208 τῶν
1175 3151 1278 3210 πόλεών
1300 3157 1367 3211 εἰσιν
1384 3157 1414 3210 αἱ

246 3241 446 3311 χειμοτονοῦσαι
473 3246 500 3294 et
519 3241 758 3294 Westermannum
786 3243 816 3293 iu
842 3241 942 3308 Paulyi
971 3240 1075 3309 encycl.
1094 3257 1116 3295 s.
1134 3259 1160 3294 v.
1184 3249 1328 3311 praeterea
1345 3244 1414 3296 haec

246 3333 365 3398 possunt
380 3343 438 3381 uon
455 3330 547 3380 minus
566 3327 602 3380 ad
620 3331 738 3380 aetatem
756 3327 897 3380 Plutarchi
916 3343 1000 3397 quam
1018 3327 1055 3381 ad
1072 3332 1174 3380 certam
1191 3330 1290 3382 urbem
1307 3332 1413 3384 referri.

246 3415 348 3470 deinde
359 3417 464 3485 pergit:
483 3429 593 3486 „neque
603 3413 797 3484 intelligimus,
816 3413 884 3482 quid
896 3413 997 3467 horum
1015 3417 1242 3470 commemoratio
1259 3417 1289 3468 in
1300 3416 1412 3470 Solonis

245 3503 303 3556 vita
320 3503 374 3555 sibi
393 3500 485 3555 velit“
522 3516 575 3570 ego
594 3502 634 3554 sic
652 3501 752 3555 sentio.
775 3501 863 3552 verba
880 3495 1002 3567 ἐπέστησε
1020 3496 1049 3552 δὲ
1067 3497 1183 3561 καὶτοῖς
1200 3494 1304 3566 ἐξόδοις
1321 3519 1412 3571 usque

246 3587 282 3641 ad
304 3587 423 3659 βαδίζειν
448 3585 528 3654 χωρὶς
555 3582 695 3654 ἐκκομιδῆς
722 3587 854 3639 videntur
879 3601 977 3638 revera
994 3586 1129 3638 Demetrii
1148 3602 1221 3658 esse,
1249 3589 1283 3642 ci.
1302 3587 1357 3643 (lic.
1376 3589 1411 3641 de

246 3675 333 3744 legib.
351 3673 378 3726 11
396 3671 430 3727 25
448 3688 465 3725 a
482 3674 591 3726 Prinaio
616 3673 739 3725 allatum.
776 3672 826 3724 sed
850 3672 918 3740 quid
942 3671 996 3725 hoc
1017 3671 1054 3724 ad
1076 3674 1270 3740 insequentia?
1304 3677 1333 3727 in
1357 3676 1411 3727 fine

245 3762 342 3829 capitis
361 3763 456 3828 aperte
474 3758 638 3811 Plutarchus
657 3757 692 3810 de
709 3758 777 3810 viris
795 3757 929 3825 loquitur.
958 3759 1053 3827 igitur,
1071 3773 1107 3810 ne
1125 3759 1240 3811 verbum
1258 3754 1412 3828 πρόσκεισαι

246 3849 323 3900 omni
340 3845 476 3899 sententia
493 3848 592 3914 eareat,
610 3859 723 3896 neumae
742 3848 784 3896 est
801 3844 979 3896 Plutarchum
1002 3845 1031 3897 in
1049 3844 1278 3913 praecedentibus
1297 3861 1412 3914 quoque

244 3935 435 3999 (insanarum
453 3932 731 3997 commemoratione)
754 3945 812 3984 non
832 3931 925 3984 solum
947 3930 983 3983 de
1005 3931 1178 3999 mulieribus,
1201 3931 1251 3984 sed
1274 3933 1358 3983 etiam
1375 3932 1412 3985 de

245 4021 312 4072 viris
330 4020 454 4071 locutum
472 4031 543 4070 esse.
578 4018 638 4070 sive
655 4017 742 4086 igitur
765 4015 834 4070 haec
855 4018 918 4085 ipsa
934 4016 1070 4070 Demetrii
1092 4022 1157 4070 sunt
1179 4019 1240 4070 sive
1263 4033 1320 4071 non
1337 4023 1411 4087 sunt,

245 4105 337 4174 pergit
362 4103 525 4156 Plutarchus
557 4105 609 4156 ita:
642 4103 779 4172 plurimae
806 4103 906 4155 harum
938 4118 1032 4155 rerum
1059 4105 1143 4156 etiam
1169 4105 1273 4157 nostris
1299 4105 1410 4173 legibus

245 4191 346 4242 vetitae
373 4194 446 4257 sunt,
481 4188 531 4243 sed
558 4204 620 4242 cum
647 4189 801 4242 secundum
827 4187 940 4242 Solonis
967 4189 1044 4258 leges
1072 4188 1149 4258 (viri)
1176 4190 1296 4258 simplici
1323 4191 1411 4242 multa

244 4275 374 4340 (dubium
397 4277 447 4344 est,
470 4277 566 4342 a‘quo
590 4277 767 4344 magistratu)
790 4277 962 4344 punirentur,
991 4277 1092 4327 nostris
1115 4275 1227 4344 legibus
1250 4275 1280 4328 id
1302 4291 1409 4344 poenae

244 4362 365 4430 accessit,
389 4359 467 4428 quod
489 4375 550 4412 eam
572 4361 751 4428 magistratus
772 4362 907 4428 irrogant,
931 4369 1052 4427 quorum
1070 4362 1162 4428 ipsum
1186 4375 1288 4414 nomen
1306 4363 1410 4414 indicat

244 4461 293 4498 sos
311 4448 423 4514 proprie
440 4445 477 4498 ad
495 4446 645 4499 muliebres
663 4462 755 4500 mores
774 4445 940 4500 coercendos
964 4447 1129 4499 constitutos
1148 4463 1218 4500 esse.
1253 4453 1337 4516 atque
1356 4448 1410 4502 hoc

244 4531 357 4600 quidem
376 4547 425 4584 cur
441 4531 604 4596 Plutarchus
622 4534 684 4602 ipse
701 4533 805 4588 addere
822 4533 987 4602 nequiverit,
1006 4535 1129 4600 potuerit
1145 4533 1223 4588 solus
1241 4534 1409 4604 Demetrius,
