3180 5136
671 405 823 505 AL

166 614 281 677 Nabar
307 615 403 678 Phot.
426 613 573 693 1360).“
624 612 798 676 Pollucem
822 633 883 676 sua
906 631 949 675 ex
971 614 1196 695 Aristophane
1218 609 1328 695 sump-

167 719 250 780 sisse
277 723 369 779 recte
395 722 512 800 negat:
535 735 613 779 nam
634 715 876 797 Aristophanes
895 733 965 779 non
987 716 1097 780 solum
1121 715 1328 798 quadrangu-

166 821 254 884 lares
276 817 402 902 κύρβεις
424 821 511 901 fecit,
535 819 595 882 sed
618 820 720 881 etiam
742 818 809 882 duo
829 819 888 882 illa
911 819 1101 882 tabularum
1123 836 1246 900 genera
1260 838 1330 883 non

167 922 300 987 differre
324 922 496 985 contendit
517 923 580 986 nisi
597 927 865 1004 praeceptorum,
890 941 977 1004 qnae
993 923 1212 1005 continerent,
1235 939 1329 1004 argu-

167 1024 354 1104 mentiar).
385 1025 445 1088 sed
467 1042 512 1088 ne
532 1025 790 1088 Eratosthenem
814 1025 949 1107 quidem
966 1025 1090 1088 Pollux
1113 1030 1163 1088 est
1185 1028 1329 1090 secutus.

164 1112 1328 1212 mmmmmwmfflfflmmmm

168 1231 277 1294 Rhod.
299 1233 346 1294 IV
368 1228 431 1294 280
459 1236 574 1294 nostro
603 1232 675 1293 iure
706 1249 782 1293 cum
809 1231 958 1294 Prellero
989 1231 1196 1311 (Polemonis
1224 1233 1329 1314 perie-

170 1339 267 1416 getae
294 1335 421 1416 fragm,
457 1333 589 1416 Lipsiae
614 1329 706 1415 1838,
728 1354 760 1414 p.
784 1331 840 1412 88)
872 1334 1111 1397 concludemus
1140 1353 1216 1396 eum
1244 1336 1332 1399 inter

169 1437 228 1498 illa
247 1438 415 1500 vocabula
436 1437 566 1499 nullum
589 1436 767 1500 discrimen
790 1439 954 1500 statuisse.
991 1442 1096 1500 restat
1113 1456 1156 1500 ex
1172 1439 1222 1520 iis,
1247 1456 1331 1521 quos

171 1540 214 1602 de
246 1558 386 1603 numero
422 1540 621 1622 angulorum
656 1539 877 1622 disputavisse
906 1542 1038 1623 scimus,
1071 1540 1211 1604 Polemo
1241 1541 1331 1623 apud

169 1643 270 1724 Harp.
287 1639 393 1717 ἄξονιτ
417 1641 451 1704 υί
470 1641 622 1716 Σόλωνος
644 1639 740 1722 νόμον
763 1643 799 1704 ἐν
821 1641 959 1718 ξυλίνοις
980 1631 1064 1727 ἦσαν
1087 1635 1180 1717 ἄξοσι
1198 1665 1334 1727 γεγραμ-·

168 1752 278 1827 μένοι·
300 1747 513 1828 Δημοσθένης
535 1746 571 1807 ἐν
591 1748 636 1826 τῷ
659 1741 732 1806 κατ’
753 1740 1017 1827 Ἀριστοκράτους
1041 1739 1104 1820 „dg
1126 1749 1162 1808 ἐν
1179 1749 1222 1828 τῷ
1239 1742 1331 1820 ἄξονι

169 1845 327 1932 εἴρηται.“
355 1837 440 1930 ἦσαν
462 1847 505 1929 δὲ,
530 1842 572 1922 ὥς
594 1865 693 1930 φησιν
715 1847 913 1929 Πολέμων
934 1849 971 1910 ἐν
993 1855 1060 1922 τοῖς
1082 1846 1163 1931 πρὸς
1180 1844 1330 1930 Ἐρατοσ-

169 1955 282 2034 θένην,
304 1949 500 2034 τετράγωνοι
520 1947 558 2012 τὸ
579 1954 695 2033 σχῆμα,
719 1949 932 2025 διασώζονται
959 1950 993 2012 δὲ
1018 1951 1114 2033 ἐντῷ
1137 1955 1320 2034 πρυτανείῳ

169 2059 383 2136 γεγραμμένοι
404 2051 490 2116 κατὰ
512 2051 623 2116 πάνια
645 2051 686 2114 τὰ
708 2058 798 2136 μέρη.
828 2056 959 2115 ποιοῦσι
982 2052 1121 2115 aaron
1143 2058 1332 2137 φαντασίαν

168 2161 334 2239 τρίγωνον,
363 2152 443 2219 ὅταν
469 2157 524 2218 ἐπὶ
551 2154 588 2218 τὸ
619 2154 732 2218 στενὸν
759 2155 901 2218 slathiel
927 2155 982 2238 τῆς
1010 2159 1136 2238 γωνίας.
1182 2159 1333 2240 agnoscit

169 2261 310 2324 Polemo
334 2254 452 2333 ἄξονας
471 2257 711 2340 τετραγώνους,
734 2277 803 2322 non
820 2260 953 2341 attingit
964 2257 1106 2340 κύρβεις.
1137 2263 1239 2341 atque
1255 2277 1333 2322 eum

173 2363 361 2426 distinxisse
393 2364 480 2424 inter
514 2363 573 2425 illa
606 2362 827 2425 demonstrari
859 2380 960 2444 posse
992 2367 1094 2444 negat
1126 2361 1162 2426 O.
1192 2363 1333 2426 Mueller

175 2467 316 2548 (Eragm.
349 2467 462 2529 histor.
497 2465 614 2529 Graec.
647 2466 713 2528 vol.
747 2466 780 2528 H
819 2465 863 2528 ad
896 2465 1030 2529 Aristot.
1065 2467 1180 2548 fragm.
1207 2464 1256 2549 11,
1291 2467 1329 2528 cf.

173 2568 238 2631 vol.
272 2569 319 2631 ΠΙ
359 2568 401 2631 ad
435 2569 609 2630 Polemon.
639 2568 753 2649 fragm.
782 2565 857 2649 48),
899 2587 976 2631 cum
1010 2573 1138 2630 tantum
1170 2569 1333 2631 referatur
1418 2605 1424 2614 ·

172 2671 310 2735 Polemo
333 2671 589 2734 Eratosthenem
616 2665 734 2743 ἄξονας
757 2670 930 2751 τριγώνους
960 2671 1127 2734 dicentem
1154 2672 1331 2753 reprehen-

172 2773 269 2838 disse.
300 2780 335 2836 et
356 2773 528 2854 fatendum
552 2778 602 2836 est
624 2774 704 2836 certi
729 2773 911 2854 quidquam
933 2775 991 2835 vix
1005 2791 1068 2836 nos
1083 2773 1163 2836 inde
1179 2778 1332 2837 eruturus

172 2894 255 2940 esse.
297 2875 357 2938 sed
380 2877 407 2938 si
428 2875 665 2957 probabilitate
689 2876 834 2957 quadam
858 2877 1006 2939 contenti
1029 2895 1153 2958 sumus,
1176 2876 1332 2958 equidem

171 2980 282 3042 facere
303 2997 372 3041 non
393 2996 542 3060 possum,
566 2980 645 3060 quin
670 2997 746 3040 cum
766 2977 916 3040 Prellero
941 2978 977 3057 (1.
1000 2978 1021 3040 1.
1044 2999 1076 3060 p.
1100 2975 1151 3060 90,
1175 2980 1214 3041 cf.
1232 2998 1264 3061 p.
1280 2977 1331 3042 88.

172 3099 273 3164 quem
296 3100 402 3163 nuper
424 3087 558 3146 secutus
575 3086 626 3146 est
638 3082 793 3164 Philippi,
814 3081 974 3164 Areopag
989 3085 1051 3146 etc.
1067 3102 1099 3164 p.
1116 3079 1178 3142 365
1194 3086 1262 3144 not.
1278 3080 1332 3161 10)

171 3185 323 3267 sentiam,
354 3186 410 3266 qui
433 3185 624 3250 distinxisse
645 3184 867 3248 Polemonem
890 3188 1059 3248 statuerat.
1103 3184 1332 3251 Eratosthenis

172 3289 260 3350 enim
283 3289 459 3369 sententia,
481 3287 680 3351 utbreviter
695 3287 988 3369 comprehendam,
1010 3289 1070 3349 fuit
1084 3287 1183 3350 haec:
1207 3284 1334 3369 κύρβεις

170 3390 238 3452 vel
261 3385 379 3464 ἄξονας
403 3391 621 3474 triangulares
645 3407 728 3454 esse.
758 3391 826 3452 iam
849 3408 927 3452 eum
941 3391 1081 3453 Polemo
1103 3389 1332 3480 reprehendit:

172 3488 290 3568 ἄξονας
314 3492 597 3575 quadrangulares
620 3510 704 3575 esse,
726 3509 795 3554 non
812 3492 1040 3573 triangulares.
1063 3493 1177 3573 itaque
1192 3493 1333 3556 fortasse

172 3595 325 3660 conicere
347 3596 461 3658 licebit
482 3596 713 3677 Polemonem,
743 3613 819 3656 cum
846 3594 940 3656 illum
967 3598 1096 3656 tantum
1119 3593 1162 3656 de
1184 3613 1332 3658 axonum

170 3700 278 3761 forma
301 3717 429 3762 errasse
451 3698 549 3780 dicat,
572 3702 709 3780 putasse
722 3697 979 3760 Eratosthenem
1003 3695 1045 3758 de
1064 3696 1213 3777 cyrbeon
1227 3698 1334 3779 figura

170 3806 263 3864 recte
283 3801 433 3864 iudicare
456 3806 557 3882 atque
579 3802 757 3882 propterea
784 3800 894 3881 ipsum
923 3797 966 3860 de
995 3798 1114 3861 harum
1143 3798 1333 3862 tabularum

171 3904 365 3986 triangulari
386 3905 493 3968 forma
516 3922 592 3966 cum
608 3903 832 3966 Eratosthene
854 3902 1072 3966 consensisse.
1102 3903 1168 3964 hoc
1190 3903 1218 3966 si
1239 3904 1332 3984 poni·

171 4025 256 4090 mus,
280 4007 423 4070 duorum
444 4007 654 4088 potissimum
678 4009 853 4068 auctorum
880 4003 971 4086 apud
992 4003 1166 4067 Pollucem
1193 4007 1334 4088 vestigia

173 4109 469 4192 deprehendimus:
499 4110 692 4172 Polemonis
716 4113 817 4189 atque
831 4105 978 4187 Didymi.
1011 4125 1091 4170 nam
1105 4107 1332 4172 Anaximenes

241 4366 279 4433 ⁹⁶)
315 4365 456 4434 quomodo
475 4365 566 4417 Baehr
584 4363 619 4415 ad
636 4364 785 4433 Hermann,
804 4360 912 4415 Griech.
930 4360 1068 4414 Staatsalt.
1086 4361 1111 4413 5.
1130 4359 1193 4414 edit.
1209 4365 1222 4427 §
1240 4362 1332 4433 107,1‚

171 4453 387 4522 Aristophanem
414 4455 556 4506 intereos
579 4451 683 4503 referre
706 4451 839 4518 potuerit,
868 4450 916 4517 qui
942 4447 1041 4517 „beide
1066 4445 1232 4500 Ausdriicke
1259 4450 1333 4502 ohne

171 4539 351 4594 Unterschied
369 4554 424 4592 von
443 4541 538 4593 diesen
557 4535 689 4592 Gesetnen
709 4537 761 4590 des'
774 4535 861 4590 Solon
879 4532 1081 4604 gebrauchen“‚
1098 4547 1155 4587 non
1173 4549 1315 4603 assequor.

1128 4630 1144 4683 6
