3194 5136
201 1875 216 1890 ·
241 1801 413 1916 Octavum
431 1851 578 1915 Pollucis
600 1851 722 1914 librum
739 1870 816 1914 cum
836 1871 949 1914 rerum
970 1815 1133 1933 gravitate
1156 1855 1226 1913 tum
1249 1852 1339 1913 testi-

170 1963 361 2026 moniorum
384 1961 605 2044 amplitudine
619 1961 768 2044 reliquos
784 1963 882 2024 facile
903 1980 1063 2044 superare
1085 1961 1295 2025 iamdudum
1320 1981 1340 2023 a

169 2065 248 2128 viris
277 2065 384 2129 doctis
411 2064 623 2128 intellectum
651 2068 710 2128 est.
756 2069 886 2147 tamen,
923 2066 981 2146 qui
1008 2083 1078 2128 non
1106 2067 1171 2126 hae
1198 2065 1254 2127 vel
1281 2064 1340 2126 illa

171 2169 350 2231 occasione
379 2167 473 2251 data,
512 2168 663 2250 inprimis
699 2167 742 2230 ad
771 2171 900 2230 eertum
927 2168 1075 2248 aliquem
1104 2168 1339 2249 antiquitatum

172 2269 376 2334 Graecarum
404 2272 518 2334 locum
548 2270 797 2334 enucleandum
824 2272 859 2332 in
887 2271 979 2351 ipsos
1008 2271 1117 2333 fontes
1145 2271 1339 2353 inquireret,

171 2372 234 2459 sed
260 2373 304 2436 de
331 2373 503 2456 industria,
532 2374 614 2436 nihil
643 2373 734 2436 aliud
762 2373 955 2455 respiciens,
990 2374 1078 2435 hane
1107 2375 1340 2454 quaestionem

170 2479 368 2557 institueret,
405 2495 514 2558 nsque
538 2476 693 2539 adhunc
717 2476 807 2539 diem
827 2475 980 2538 nondum
1003 2476 1180 2556 quisquam
1204 2479 1339 2541 exstit‘t.

172 2597 260 2661 quae
283 2597 360 2642 cum
381 2579 429 2640 ita
451 2581 526 2661 sint,
549 2580 687 2641 minime
702 2581 824 2652 mirum
843 2578 950 2641 videri
971 2582 1094 2661 potest,
1118 2580 1210 2661 quod
1233 2580 1341 2644 diver-

170 2683 323 2747 sissimae
335 2681 511 2762 opiniones
524 2681 567 2744 de
578 2699 643 2744 usu
659 2684 693 2743 et
705 2682 904 2744 auctoritate
915 2681 1013 2743 huius
1028 2681 1134 2743 libelli
1148 2683 1341 2747 ferebantur

172 2802 305 2866 semper
333 2788 436 2865 atque
471 2784 666 2847 etiamnunc
700 2784 862 2846 feruntur.
920 2783 954 2844 in
991 2801 1094 2844 causa
1121 2801 1202 2846 vero
1238 2787 1340 2849 fuisse

173 2889 292 2969 opinor
305 2905 383 2950 non
406 2887 512 2968 magis
535 2885 685 2949 taedium
707 2903 818 2967 paene
841 2885 932 2949 solos
961 2871 1197 2967 grammaticos
1219 2888 1340 2951 iterum

173 2994 275 3071 atque
296 2991 417 3052 iterum
442 2988 622 3052 evolvendi
650 3007 751 3070 quam
774 2990 884 3070 ipsum
908 2988 1060 3052 laborem
1083 2991 1121 3049 ut
1136 2990 1341 3070 antiquitatis

173 3093 290 3157 studiis
314 3093 528 3156 utilissimum
555 3095 602 3156 ita
628 3094 691 3174 ipsi
720 3095 755 3155 in
777 3093 841 3154 hac
870 3109 907 3154 re
931 3091 1118 3155 elaboranti
1148 3094 1340 3173 operosissi-

172 3216 274 3260 mum.
304 3195 340 3259 id
364 3198 453 3259 enim
475 3214 675 3277 persuasum
698 3196 836 3278 habeas,
865 3196 893 3258 si
916 3196 990 3276 quis
1019 3194 1063 3257 ad
1088 3196 1154 3258 hoc
1181 3196 1237 3258 vel
1257 3195 1343 3259 illud

172 3298 319 3362 Pollucis
342 3300 570 3374 testimonium
593 3299 741 3380 reliquos
771 3299 815 3362 de
841 3297 962 3360 eadem
989 3315 1026 3360 re
1047 3298 1142 3361 locos
1170 3299 1205 3359 in
1227 3317 1342 3364 recen-

173 3402 294 3464 tiorum
309 3402 402 3466 libris
419 3403 537 3466 citatos
553 3439 594 3450 —-
610 3402 717 3465 multa
739 3402 772 3470 hi
787 3401 1096 3482 praetermiserunt,
1119 3404 1238 3482 utpote
1254 3422 1341 3484 quae

172 3503 255 3566 nihil
270 3503 314 3566 ad
328 3521 382 3566 res
395 3506 582 3568 accuratius
595 3503 846 3586 pemoscendas
860 3504 1050 3566 conferrent
1062 3537 1098 3549 -
1114 3522 1191 3565 cum
1203 3505 1342 3568 Polluce

175 3606 363 3687 contulerit,
383 3624 459 3670 raro
484 3610 515 3669 ei
535 3625 697 3689 prospere
719 3625 792 3670 rem
813 3623 1047 3688 processuram
1071 3623 1155 3668 esse.
1186 3605 1247 3669 sed
1268 3624 1341 3688 per-

173 3706 348 3772 lustranda
370 3714 464 3771 erant
487 3728 527 3772 ac
549 3715 713 3791 perpetuo
742 3712 830 3772 inter
852 3727 888 3772 se
912 3709 1090 3791 diligenter
1113 3709 1342 3790 comparanda

174 3815 304 3874 tantum
326 3828 396 3874 non
419 3812 543 3894 omnia,
569 3831 657 3893 quae
673 3817 819 3876 aetatem
843 3813 1001 3894 tulerunt,
1024 3811 1136 3874 lexica
1151 3815 1185 3874 et
1199 3830 1341 3894 magnus

174 3915 378 3978 scholiorum
400 3932 570 3997 numerus,
593 3918 640 3997 ut,
664 3932 752 3996 quae
768 3915 1060 3998 grammaticorum
1086 3915 1277 3977 coniunctio
1301 3899 1343 3978 sit

175 4023 208 4080 et
224 4018 320 4098 quasi
334 4017 558 4099 necessitudq
581 4022 674 4080 recte
687 4018 917 4099 perspiciatur.
947 4018 995 4080 ita
1010 4017 1162 4098 quaestio
1187 4020 1238 4079 est
1260 4017 1342 4080 dit'fi-

175 4119 313 4201 cillima,
341 4119 401 4182 ubi
428 4120 630 4183 scholiastae
657 4119 834 4184 Aeschinis
864 4123 897 4181 et
918 4119 1068 4182 Platonis
1099 4135 1174 4180 cnm
1202 4119 1342 4182 Polluce

175 4223 398 4305 consentiunt,
420 4226 533 4285 utrum
557 4240 600 4285 ex
623 4223 687 4286 hoc
710 4241 771 4286 sua
798 4222 1033 4302 descripserint
1059 4256 1095 4266 -
1120 4223 1254 4302 saepius
1277 4223 1342 4286 hoc

174 4324 298 4386 factum
322 4341 397 4387 esse
419 4327 550 4388 constat
570 4359 609 4370 -
633 4342 676 4387 an
700 4343 744 4386 ex
762 4324 882 4387 iisdem
906 4322 1026 4404 quibus
1049 4321 1172 4384 Pollux
1193 4323 1342 4388 fontibus

175 4425 451 4490 derivaverint-
474 4428 575 4490 etiam
598 4428 663 4490 hoc
687 4426 915 4508 compluribus
938 4426 1024 4490 loeis
1048 4429 1176 4487 certum
1201 4432 1259 4489 est.
1291 4428 1341 4490 his

175 4545 238 4610 ego
262 4528 399 4610 singulis
421 4530 516 4611 loeis,
540 4529 598 4592 ubi
619 4547 689 4594 non
713 4548 799 4612 opus
828 4547 902 4592 esse
924 4527 1112 4609 videbatur,
1142 4532 1340 4613 argumenta

1140 4641 1153 4691 l
