3194 5136
804 411 843 476 16

744 500 897 512 ι--Διι

237 625 321 698 σίαν,
344 621 380 682 ἐν
401 607 421 704 ᾗ
445 617 497 679 δεῖ
513 641 533 681 τ
795 607 993 700 χειροτονεῖν
1014 618 1050 681 οἳ
1071 618 1204 682 δοκοῦσι
1229 617 1274 703 μή
1297 618 1404 699 καλῶς

237 719 359 805 άρχειν,
382 722 436 782 καὶ
459 723 535 802 περὶ
558 720 705 806 φυλακῆς
728 722 763 785 δέ
785 725 841 806 τῆς
863 720 999 804 χάρας“.
1043 721 1181 796 καὶτὰς
1203 720 1405 804 εἰσαγγελίας

236 829 272 888 ἐν
282 822 382 907 ταύτη
399 825 438 908 τῇ
456 819 562 909 ήμέριγ
580 821 657 898 τοὺς
672 824 893 906 βουλομένους
904 827 1082 887 ποιεῖσθαί
1091 842 1181 909 φησι,
1203 827 1259 887 καλ
1270 821 1313 888 τά
1324 827 1404 908 ἐξής.

235 930 302 991 lex.
327 926 422 990 Cant.
452 929 548 1008 κυρία
576 925 744 1011 ἐκκλησίαε
768 951 826 990 ...·
851 922 988 1007 ἄμεινον
1016 915 1075 991 οὖν
1098 923 1403 1011 Ἀριστοτέλης·

210 1029 301 1111 τὰς
323 1029 384 1112 γὰρ
413 1024 516 1112 άρχὰς
543 1031 579 1092 ἐν
608 1037 680 1105 ταῖς
710 1035 836 1113 κυρίαις
869 1030 1053 1114 ἐκκλησίαις
1088 1033 1188 1115 φησὶν
1222 1027 1404 1117 [ἐπήγειρο-

235 1134 410 1196 τουεῖσδαι
438 1133 493 1194 καὶ
520 1131 580 1206 τὰς
615 1131 816 1218 εἰσαγγελίας
851 1130 939 1218 [τούς
968 1132 1188 1214 βουλομένους
1215 1133 1403 1213 ποιεῖσθαι]

235 1239 291 1298 καῖ
313 1233 402 1311 τάίςί
426 1229 558 1309 uillam)
580 1237 647 1298 τῶν
675 1231 862 1316 άναγκαίων
890 1237 1099 1318 χρηματίζειν
1126 1238 1181 1298 καλ
1209 1237 1286 1318 περί
1315 1237 1405 1298 σίτου

237 1336 316 1424 [καί]
340 1335 487 1420 φυλακῆς
509 1338 565 1420 τής
587 1336 694 1422 χώρας
717 1335 853 1412 καὶτὰς
875 1334 1076 1424 ἀπογραφάς
1091 1341 1157 1402 τῶν
1178 1338 1406 1422 δημευομένων

236 1437 491 1522 ἀναγιγνώσκειν
518 1441 573 1500 καλ
603 1437 662 1514 τάς
690 1438 794 1524 λήξεις
821 1443 887 1503 τῶν
914 1438 1138 1523 κλήρων·ἐπλ
1168 1440 1203 1503 δὲ
1230 1443 1286 1525 τής
1314 1440 1406 1524 ἐκτης

237 1544 435 1626 πρυτανείας
456 1540 539 1623 πρὸς
566 1548 635 1618 τοῖς
664 1542 939 1626 είρημένοιςκαλ
957 1545 1032 1627 περὶ
1057 1546 1113 1627 τῆς
1141 1539 1406 1630 ὀστρακοφορίας

237 1649 507 1729 προχειροτονίαν
530 1642 696 1720 δίδοσθαι,
720 1644 751 1707 εἶ
773 1645 863 1712 δοκεῖ
881 1641 906 1730 ή
922 1645 977 1730 μή.

237 1751 338 1829 Harp.
363 1746 553 1830 ἐπιστάτης;
660 1747 717 1809 δύο
740 1747 824 1811 εἰσίν
852 1747 885 1810 οῖ
906 1747 1150 1829 καθιστάμενοι
1172 1749 1356 1827 ἐπιστάται,
1386 1745 1403 1813 ὁ

236 1857 296 1935 μὲν
324 1853 360 1913 ἐκ
387 1848 580 1932 πρυτάνεων
615 1847 832 1934 κληρούμενος
861 1846 879 1914 ὅ
909 1851 944 1914 δέ
974 1853 1009 1914 ἐκ
1045 1855 1111 1916 τῶν
1138 1852 1324 1936 προέδρων,
1360 1841 1406 1916 ὧν

208 1985 211 1988 ·
237 1954 390 2036 ἑκάτερος
411 1955 487 2014 τίνα
510 1951 667 2036 διοίκησιν
690 1953 808 2017 διοικεῖ
826 1953 1006 2038 δεδήλωκεν
1035 1950 1052 2016 ὅ
1071 1951 1347 2039 Ἀριστοτέλης
1369 1957 1406 2018 ἐν

191 2127 193 2130 ,
230 2055 415 2141 Ἀθηναίων
437 2053 589 2140 πολιτεία

236 2163 338 2243 Herp.
360 2157 531 2240 πράεδροιε
555 2155 750 2241 ἐκληροῦντο
772 2153 837 2221 ύπὸ
860 2160 926 2223 τῶν
947 2158 1141 2243 πρυτάνεων
1162 2156 1240 2222 καθ’
1265 2159 1405 2244 ἑκάστην

236 2262 419 2346 ἐκκλησίαν,
443 2251 489 2334 εἷς
503 2261 538 2334 ἐξ
553 2259 690 2341 ἑκάστης
705 2259 807 2345 φυλῆς
823 2260 909 2346 πλήν
923 2265 979 2346 τής
994 2262 1266 2346 πρυτανευούσης,
1287 2260 1405 2337 οἵτινες

236 2366 278 2430 τὰ
301 2366 377 2447 περὶ
398 2362 458 2436 τὰς
481 2360 651 2446 ἐκκλησίας
674 2361 835 2445 διῴκουν,
852 2362 1031 2428 ἐκαλοῦντο
1062 2363 1097 2427 δὲ
1125 2364 1291 2449 πρόεδροι,
1320 2367 1404 2429 ἐπει-

208 2488 214 2526 .·
237 2467 338 2553 δήπερ
361 2464 564 2549 προήδρευον
586 2468 651 2528 τῶν
675 2460 786 2529 άλλων
809 2461 977 2530 ἁπάντων.
1007 2465 1166 2540 πολλάκις
1189 2463 1217 2529 δ
1243 2469 1313 2531 ἐστὶ
1333 2462 1405 2532 τού-

237 2592 326 2652 νομα
347 2565 441 2651 παρὰ
462 2573 532 2642 τοῖς
554 2565 718 2652 ῥήτορσιν,
741 2565 784 2643 ὥς
798 2571 854 2632 καὶ
876 2569 969 2653 παρά
983 2573 1192 2654 Δημοσθένει
1214 2571 1250 2634 ἐν
1266 2573 1312 2652 τῷ
1334 2565 1403 2633 κατ’

232 2671 460 2757 Ἀνδροτίωνος
487 2671 543 2732 καὶ
571 2669 705 2757 Αἰσχίνη
733 2672 769 2734 ἐν
797 2675 841 2755 τῷ
870 2671 958 2736 κατὰ
980 2675 1221 2758 Κτησιφῶντος.
1247 2667 1298 2735 ὅτι
1315 2668 1355 2734 δ’
1386 2669 1404 2734 ὁ

236 2774 437 2857 καλούμενος
466 2772 642 2856 ἐπιστάτης
669 2771 787 2858 κληροῖ
811 2771 946 2852 αύτούς,
975 2773 1101 2860 εἴρηκεν
1127 2772 1405 2860 Ἀριστοτέλης

236 2881 273 2943 ἐν
289 2876 476 2963 Ἀθηναίων
496 2875 658 2962 πολιτείην.

322 2982 376 3063 At,
387 2982 529 3062 inquieS‚
541 2979 935 3042 Aristotelesseoundum
941 2980 1044 3062 Harp.
1053 2980 1096 3042 de
1109 2979 1241 3043 duobus
1255 2981 1404 3061 epistulis

235 3088 369 3150 loeutus
385 3088 466 3165 erat,
490 3082 580 3164 apud
595 3083 768 3144 Pollucem
785 3099 891 3144 unum
907 3087 1036 3144 lentum
1052 3083 1163 3146 video.
1195 3082 1283 3145 adde
1304 3084 1405 3164 igitur

238 3188 385 3269 suidam,
409 3203 510 3268 quem
534 3203 576 3247 ex
606 3184 728 3247 eodem
751 3187 854 3266 fonte,
885 3203 951 3266 quo
975 3186 1108 3268 Pollux,
1138 3185 1274 3249 fluxisse
1301 3190 1404 3268 potet,

236 3313 267 3354 v.
290 3286 465 3371 ἐπιστάτης
489 3286 575 3367 (noli
599 3291 711 3349 autem
728 3287 892 3369 dubitare,
917 3289 996 3369 quin
1013 3287 1133 3352 suidas
1155 3289 1243 3350 hanc
1258 3288 1405 3371 glossam

238 3413 257 3456 e
283 3393 395 3455 Pholii
420 3391 532 3456 lexico
564 3391 742 3471 sumpserit
769 3392 897 3472 ingenti
923 3391 1047 3453 lacuna
1076 3409 1167 3454 nunc
1197 3391 1403 3471 decumum:

235 3498 283 3584 τά
283 3517 302 3559 ν
316 3492 509 3577 πρυτάνεων
524 3485 570 3567 εἷς
594 3487 610 3554 ὁ
630 3491 741 3574 λαχών
762 3491 938 3577 ἐπιστάτης
953 3491 1090 3575 ἐλέγετο.
1114 3494 1162 3566 δὶς
1178 3491 1213 3556 δὲ
1228 3492 1287 3562 τὸν
1303 3489 1406 3557 αὐτὸν

237 3599 452 3679 ἐπιστατήσαι
475 3591 534 3658 ούκ
556 3597 640 3679 ἐξήν.
676 3593 839 3678 φυλάσσει
862 3593 897 3656 δὲ
918 3597 981 3658 τοῦ
1001 3592 1090 3678 ἱεροῦ
1118 3595 1179 3670 τὰς
1199 3592 1295 3673 κλεῖς,
1319 3598 1355 3659 ἐν
1378 3585 1403 3678 ᾧ

236 3699 278 3765 τά
302 3696 441 3782 δημόσια
462 3695 624 3780 χρήματα,
647 3693 695 3759 ἐτι
709 3696 774 3781 μήν
792 3698 847 3758 καὶ
869 3695 927 3781 τήν
943 3696 1102 3781 δημοσίαν
1120 3698 1297 3785 σφραγῖδα.
1320 3700 1404 3762 ἐπει-

238 3803 299 3868 δάν
322 3802 356 3865 δέ
379 3798 413 3864 οἱ
440 3797 615 3883 πρυτάνεις
647 3797 853 3881 συναγάγωσι
880 3797 941 3884 τήν
967 3797 1088 3885 βουλήν
1114 3796 1136 3885 ἢ
1163 3798 1223 3865 τὸν
1246 3800 1357 3884 δήμου,
1386 3791 1404 3864 ὅ

236 3903 412 3986 ἐπιστάτης
440 3901 557 3986 κληροῖ
582 3901 762 3992 προέδρους
790 3899 902 3979 ἐννέα,
940 3899 1007 3966 άπὸ
1037 3902 1141 3988 φυλής
1170 3903 1307 3986 ἑκάστης
1335 3904 1406 3987 ἕνα,

237 4008 322 4092 πλήν
344 4009 399 4089 τής
420 4005 693 4089 πρυτανευούσης.
724 4008 780 4068 καὶ
802 4004 904 4070 πάλιν
926 4008 962 4068 ἐκ
984 4009 1050 4070 τῶν
1072 4008 1168 4070 ἐννέα
1190 4005 1315 4070 τούτων
1337 4007 1405 4070 ἐπι-

238 4109 359 4194 στάτην
392 4107 450 4170 ἕνα
485 4106 603 4192 κληροῖ
633 4109 688 4170 καλ
722 4107 760 4171 τὸ
795 4111 929 4191 πρᾶγμα
963 4107 1204 4192 παραδίδωσιν·
1242 4103 1341 4182 αύτδς
1369 4106 1405 4170 δὲ

238 4212 360 4295 εἰσάγει
381 4210 440 4296 τήν
463 4210 552 4295 δίκην
575 4213 630 4272 καῖ
652 4209 855 4294 ἐπιμελεῖται
877 4207 962 4272 κατά
985 4209 1088 4292 νόμον
1102 4209 1214 4274 πάντα
1237 4213 1404 4294 γενέσθαι,

237 4318 293 4379 καὶ
313 4313 414 4398 μηδὲν
435 4312 713 4396 παραλειφθῆναι
734 4311 817 4397 πρὸς
838 4312 876 4376 τὸ
907 4313 1105 4396 διδαχθῆναι
1133 4310 1210 4388 τοὺς
1238 4312 1404 4388 δικαστάς.

238 4439 296 4482 eur
317 4417 441 4480 Pollux
464 4415 574 4479 subito
592 4417 780 4479 orationem
796 4417 1020 4500 abrumperet,
1045 4433 1120 4479 eam
1142 4435 1279 4480 causam
1302 4417 1404 4480 luisse

237 4523 398 4605 suspicor,
422 4519 524 4602 quod,
542 4538 618 4582 eum
633 4519 762 4602 legeret
777 4520 955 4601 epistotam
969 4523 1061 4583 sorte
1077 4537 1199 4602 capere
1215 4521 1404 4603 epistotam,
