3194 5136
690 369 840 482 ..A
893 463 894 468 ψ

184 589 467 674 Harpocrationis,
499 591 660 672 Hesychii
695 596 741 669 (v.
772 589 949 674 δήμαρχος)
985 592 1194 672 aliorumque
1222 589 1347 672 placuit

184 692 243 754 illa
271 697 400 756 tantum
437 693 626 757 Aristotelis
661 694 765 757 verba
792 694 979 776 posteritati
1016 693 1157 776 tradere,
1190 697 1227 755 ut
1261 709 1348 774 quac

185 815 348 858 summam
373 798 473 860 totius
496 799 544 859 rei
568 798 786 860 continerent.
820 815 886 878 quo
909 798 997 859 facto
1022 796 1113 878 quod
1134 796 1291 860 Polluces
1313 795 1347 856 in

188 916 333 962 errorem
356 900 575 982 ducebantur,
599 900 680 982 quid
703 904 753 962 est
768 900 911 962 mirum?
942 904 1090 962 ceterum
1104 917 1149 962 ne
1165 901 1238 982 quis
1252 901 1348 981 putet

185 1001 331 1066 Pollucis
365 1005 493 1066 fontem
528 1021 603 1065 esse
634 1002 871 1085 Asclepiadem
907 1003 1025 1082 (schol.
1061 1003 1159 1065 Arist.
1187 1003 1209 1066 l.
1243 1002 1264 1066 1.
1292 1001 1347 1062 καὶ

180 1099 412 1188 Ἀσκληπιάδης
425 1101 672 1189 δἈλεξανδρεδς
687 1103 762 1180 τοὺς
774 1103 859 1168 κατὰ
873 1104 974 1189 δῆμον
987 1097 1147 1187 ἄρχοντάς
1159 1122 1248 1189 φησι,
1256 1103 1347 1166 unde

186 1207 276 1271 Suid.
292 1230 322 1271 v.
340 1207 497 1292 δήμαρχοι
518 1209 646 1293 pendet
659 1209 862 1292 Asclepiade
884 1228 953 1273 non
975 1211 1175 1291 nominato),
1199 1210 1348 1271 conferat

187 1311 231 1374 de
259 1313 320 1374 hac
349 1314 574 1395 explicatione
603 1332 646 1376 ex
681 1314 888 1396 etymologia
917 1318 1051 1396 sumpta
1082 1314 1148 1376 lex.
1185 1310 1279 1376 Cant.
1315 1333 1346 1372 v.

186 1413 354 1496 ἐπιδήμιος
377 1412 497 1500 ἄρχων,
519 1418 586 1479 lex.
609 1417 715 1479 Bekk.
739 1414 812 1499 237,
835 1414 865 1498 8,
896 1417 999 1480 schol.
1022 1417 1121 1480 Arist.
1144 1417 1246 1498 paulo
1270 1418 1349 1478 ante

109 1522 111 1525 ’
185 1518 394 1602 Asclepiadis
416 1521 544 1584 locum:
575 1517 643 1583 ἔστι
673 1520 706 1582 δὲ
730 1514 933 1604 δήμαρχοςδ
962 1518 1020 1602 τήν
1042 1517 1216 1608 ἐπώνυμον
1246 1513 1348 1603 ἀρχήν

186 1618 306 1704 ἄρχων,
328 1625 438 1705 ipsum
460 1623 635 1686 Pollucem
658 1628 673 1701 §
700 1620 768 1686 113.

270 1726 408 1790 lamed
435 1727 540 1808 locos,
570 1728 627 1808 qui
655 1731 732 1788 sunt
761 1724 804 1788 de
832 1726 1013 1788 naucrariis
1044 1732 1077 1789 et
1105 1725 1147 1788 de
1169 1725 1348 1807 phylarum

187 1830 420 1893 distributione
449 1834 481 1908 (§
506 1828 592 1912 111),
625 1834 843 1912 transeamus,
872 1848 941 1892 non
973 1847 1039 1911 quo
1062 1830 1237 1916 Pollucem
1265 1829 1349 1890 haec

187 1935 367 1996 coniuncta
388 1935 556 1996 invenisse
580 1937 681 2014 atque
703 1934 812 2015 ipsum
836 1951 1010 2014 separasse
1032 1936 1158 2015 putem,
1181 1932 1240 1995 sed
1263 1931 1348 1994 ratio

184 2038 283 2098 huius
300 2037 504 2118 quaestionis
525 2037 573 2099 ita
587 2038 704 2118 poscit.
737 2036 988 2118 proficiscamur
1003 2055 1023 2098 a
1043 2036 1154 2099 verbis
1170 2029 1224 2098 ὅτε
1239 2040 1349 2116 μέντοι

184 2146 337 2221 τέτταρες
365 2127 448 2224 ήσαν
478 2137 514 2202 αἱ
541 2138 644 2223 φυλαὶ
675 2177 712 2186 -
742 2137 842 2214 ἔθνος
873 2139 929 2200 καλ
958 2143 1115 2222 φρατρία.
1160 2139 1245 2202 haec
1273 2141 1350 2201 sunt

185 2242 385 2326 Aristotelis,
409 2244 448 2307 cf.
471 2243 573 2325 Harp.
596 2240 740 2326 τριττάς;
758 2287 765 2304 .
783 2290 788 2302 .
806 2287 814 2302 .
837 2241 963 2326 τριττάς
979 2244 1050 2305 ἐστι
1064 2238 1103 2306 τδ
1124 2245 1236 2326 τρίτον
1251 2249 1350 2323 μέρος

185 2350 240 2429 τής
262 2344 380 2430 φυλής·
412 2340 492 2428 αὕτη
514 2344 575 2429 γάρ
605 2344 753 2432 διήρηται
775 2345 820 2422 εἷς
847 2345 878 2428 γ’
908 2353 999 2430 μέρη,
1027 2349 1154 2430 τριττῦς
1181 2347 1237 2408 καὶ
1266 2343 1349 2427 ἔθνη

188 2451 242 2510 καὶ
254 2453 425 2534 φρατρίας,
439 2443 481 2524 ὥς
493 2466 592 2534 φησιν
602 2446 882 2534 Ἀριστοτέλης
897 2453 933 2514 έν
944 2453 982 2536 τῇ
993 2446 1177 2534 Ἀθηναίων
1188 2450 1349 2533 πολιτείᾳ.

189 2552 254 2613 iem
276 2554 429 2616 novimus
445 2553 633 2617 Aristotelis
649 2572 778 2617 morem
793 2553 933 2635 singula,
957 2573 1044 2637 quae
1061 2558 1349 2634 commemorem,

189 2657 298 2718 statim
310 2655 526 2738 explanandi,
537 2655 573 2718 id
586 2655 677 2737 quod
688 2657 752 2718 hac
763 2657 798 2718 in
809 2673 846 2718 re
860 2660 1123 2719 consentaneum
1136 2661 1195 2720 est.
1212 2661 1245 2719 et
1254 2674 1348 2739 prae-

187 2759 268 2821 stitit
277 2760 342 2822 hoc
353 2758 550 2822 Aristoteles
566 2760 710 2841 primurn
725 2759 767 2821 de
780 2759 938 2841 phratria,
951 2761 1044 2822 cuius
1056 2764 1247 2841 postremae
1257 2777 1349 2821 men-

187 2863 313 2925 tionem
336 2863 476 2926 fecerat:
501 2862 603 2926 schol.
626 2863 711 2926 Plat.
734 2863 876 2925 Axioch.
899 2883 931 2944 p.
950 2860 1009 2924 371
1027 2863 1057 2924 D
1076 2857 1349 2943 Ἀριστοτέλης

186 2966 265 3049 φησλ
287 2967 344 3027 τοῦ
368 2959 445 3028 δ’λου
468 2963 620 3048 πλήθους
643 2964 834 3051 διηρημένου
851 2959 1025 3048 Ἀθήνησιν
1040 2962 1085 3038 εἴς
1106 2987 1142 3027 τε
1157 2961 1232 3040 τοὺς
1253 2986 1348 3046 γεωρ-

185 3065 260 3150 γοὺς
282 3069 337 3129 καὶ
359 3064 433 3142 τοὺς
456 3065 676 3151 δημιουργοὺς,
706 3064 813 3151 φυλὰς
843 3063 951 3131 αὐτῶν
974 3061 1058 3130 εἶναι
1085 3074 1256 3150 τέσσαρας,
1285 3069 1350 3128 τῶν

187 3169 221 3232 δὲ
244 3168 356 3254 φυλῶν
378 3172 515 3256 ἑκάστης
536 3175 654 3254 μοίρας
684 3165 769 3234 εἶναι
790 3177 885 3252 τρεῖς,
918 3168 956 3246 ἃς
978 3170 1130 3256 τριττάας
1157 3194 1192 3234 τε
1214 3170 1351 3233 καλοῦσι

187 3269 252 3360 [καὶ
275 3271 369 3361 ἔθνη]
398 3276 452 3337 καὶ
482 3278 654 3358 φρατρίας,
683 3273 820 3359 ἑκάστης
850 3275 883 3338 δὲ
905 3273 1031 3339 τούτων
1058 3273 1236 3356 τριάκοντα
1264 3267 1350 3337 εἶναι

179 3383 268 3460 γένη,
298 3376 336 3440 τὸ
367 3377 402 3440 δὲ
429 3384 519 3460 γένος
547 3379 582 3441 ἐκ
611 3376 790 3463 τριάκοντα
818 3377 957 3471 ἕκαστον
986 3373 1114 3461 ἀνδρῶν
1144 3375 1349 3442 συνεστάναι.

187 3479 320 3555 τούτους
350 3476 385 3564 δή
415 3479 490 3555 τοὺς
518 3479 563 3555 είς
591 3477 633 3543 τά
660 3487 734 3565 γένη
763 3487 978 3562 τεταγμένους
1006 3478 1157 3563 γεννήτας
1185 3479 1349 3544 καλοῦσιν.

186 3604 265 3647 nam
286 3585 391 3649 verba
419 3583 554 3669 ἑκάστης
584 3583 618 3646 δὲ
640 3582 766 3648 τούτων
796 3585 839 3648 ad
862 3585 951 3647 solas
981 3586 1146 3668 phratrias
1173 3586 1349 3667 pertinere,

185 3703 256 3750 non
278 3689 378 3750 etiam
400 3689 444 3751 ad
471 3686 622 3768 τριττίας
652 3692 685 3751 et
707 3685 790 3770 ἔθνη
821 3688 1029 3751 demonstrat
1056 3688 1170 3771 Harp.‚
1200 3689 1257 3770 qui
1278 3687 1349 3748 Ari-

186 3789 314 3854 stotelis
329 3792 441 3854 locum
458 3793 558 3854 tacite
575 3793 749 3873 exscripsit
772 3810 918 3874 eumque
931 3793 1010 3876 iam,
1032 3795 1118 3855 utin
1135 3792 1239 3855 schol.
1254 3790 1350 3872 Plan,

186 3912 271 3957 voce
294 3892 393 3969 ἔθνος
416 3899 599 3958 carentem:
631 3897 796 3977 γεννήταις
827 3892 860 3957 οἱ
886 3899 943 3957 τοῦ
973 3891 1074 3958 αὐτοῦ
1103 3901 1212 3976 γένους
1240 3889 1382 3968 κοινω-’

184 3998 325 4070 νοῦντες.
370 3995 569 4083 διηρημένων
602 3994 663 4080 γάρ
694 3990 851 4061 ἁπάντων
880 4001 945 4061 τῶν
974 3996 1118 4062 πολιτῶν
1146 3995 1232 4062 κατὰ
1258 4002 1349 4079 μέρη,

185 4097 227 4162 τὰ
249 4103 310 4180 μέν
331 4102 446 4182 πρῶτα
468 4103 523 4163 καλ
544 4106 682 4182 μέγιστα
709 4107 790 4184 μέρη
819 4101 996 4166 ἐκαλοῦντο
1026 4101 1138 4185 φυλαί,
1167 4098 1286 4183 ἑκάστη
1316 4098 1350 4161 δὲ

186 4197 271 4285 φυλή
293 4205 387 4288 τριχῇ
410 4201 550 4289 διήρητο,
572 4204 628 4265 καλ
650 4201 799 4266 ἐκαλεῖτο
815 4203 955 4268 ἑκαστον
974 4211 1071 4286 μέρος
1086 4204 1209 4266 τούτων
1223 4198 1350 4283 τριττὺς

185 4305 241 4366 καλ
264 4309 418 4387 φρατρία.
464 4303 566 4368 πάλιν
590 4304 623 4367 δὲ
635 4309 703 4368 ’τῶν
726 4311 896 4388 φρατριῶν
911 4305 1031 4390 ἑκάστη
1054 4303 1185 4393 διῄρητο
1209 4305 1254 4379 είς
1276 4311 1349 4389 γένη

186 4403 229 4482 λ’,
253 4407 287 4480 ἐξ
309 4397 354 4468 ὧν
384 4405 420 4469 αἱ
447 4405 621 4490 ἱερωσύναι
650 4406 686 4469 αἱ
715 4407 864 4483 ἑκάστοις
895 4409 1117 4492 προσήκουσαι
1145 4408 1349 4493 ἐκληροῦντο.

186 4505 254 4570 ἔστι
271 4508 305 4570 δὲ
321 4507 413 4592 παρὰ
429 4509 564 4586 πολλοῖς
581 4514 646 4574 τῶν
661 4509 806 4595 ῥητόρων
820 4507 967 4596 τοίίνομα
985 4516 1046 4576 etc.
1070 4507 1128 4593 οὐχ
1144 4510 1177 4580 οἱ
1191 4518 1348 4602 συγγενεῖς
