<?xml version="1.0" encoding="UTF-8"?>
<!DOCTYPE html PUBLIC "-//W3C//DTD XHTML 1.0 Transitional//EN"
    "http://www.w3.org/TR/xhtml1/DTD/xhtml1-transitional.dtd">
<html xmlns="http://www.w3.org/1999/xhtml" xml:lang="en" lang="en">
 <head>
  <title>
</title>
<meta http-equiv="Content-Type" content="text/html;charset=utf-8" />
  <meta name='ocr-system' content='tesseract 3.04.00' />
  <meta name='ocr-capabilities' content='ocr_page ocr_carea ocr_par ocr_line ocrx_word'/>
</head>
<body>
  <div class='ocr_page' id='page_1' title='image "./deiuliipollucis00stojgoog_0102.png"; bbox 0 0 3180 5136; ppageno 0'>
   <div class='ocr_carea' id='block_1_1' title="bbox 685 354 836 455">
    <p class='ocr_par' dir='ltr' id='par_1_1' title="bbox 685 354 836 455">
     <span class='ocr_line' id='line_1_1' title="bbox 685 354 836 455; baseline 0 -38"><span class='ocrx_word' id='word_1_1' title='bbox 685 354 836 455; x_wconf 48' lang='lat' dir='ltr'>„ffi-</span> 
     </span>
    </p>
   </div>
   <div class='ocr_carea' id='block_1_2' title="bbox 177 537 1426 644">
    <p class='ocr_par' dir='ltr' id='par_1_2' title="bbox 177 537 1426 644">
     <span class='ocr_line' id='line_1_2' title="bbox 177 537 1426 644; baseline -0.005 -16"><span class='ocrx_word' id='word_1_2' title='bbox 177 585 257 630; x_wconf 91' lang='lat' dir='ltr'>usus</span> <span class='ocrx_word' id='word_1_3' title='bbox 281 571 332 628; x_wconf 92' lang='lat' dir='ltr'>est</span> <span class='ocrx_word' id='word_1_4' title='bbox 353 565 476 629; x_wconf 82' lang='lat' dir='ltr'>Pollux</span> <span class='ocrx_word' id='word_1_5' title='bbox 499 563 672 627; x_wconf 90' lang='lat' dir='ltr'>doctrinae</span> <span class='ocrx_word' id='word_1_6' title='bbox 687 563 907 644; x_wconf 80' lang='lat' dir='ltr'>receptaculis</span> <span class='ocrx_word' id='word_1_7' title='bbox 921 562 969 624; x_wconf 91' lang='lat' dir='ltr'>ita</span> <span class='ocrx_word' id='word_1_8' title='bbox 982 561 1150 642; x_wconf 87' lang='lat' dir='ltr'>institutis,</span> <span class='ocrx_word' id='word_1_9' title='bbox 1172 565 1340 624; x_wconf 83' lang='grc'><strong>1111111111-</strong></span> <span class='ocrx_word' id='word_1_10' title='bbox 1424 537 1426 550; x_wconf 52' lang='grc'><strong>’</strong></span> 
     </span>
    </p>
   </div>
   <div class='ocr_carea' id='block_1_3' title="bbox 174 664 1409 3830">
    <p class='ocr_par' dir='ltr' id='par_1_3' title="bbox 176 664 1406 2292">
     <span class='ocr_line' id='line_1_3' title="bbox 179 664 1340 747; baseline -0.002 -15"><span class='ocrx_word' id='word_1_11' title='bbox 179 669 258 732; x_wconf 91' lang='lat' dir='ltr'>dum</span> <span class='ocrx_word' id='word_1_12' title='bbox 291 670 477 732; x_wconf 85' lang='lat' dir='ltr'>litterarum</span> <span class='ocrx_word' id='word_1_13' title='bbox 511 665 661 729; x_wconf 80' lang='lat' dir='ltr'><strong>ordinem</strong></span> <span class='ocrx_word' id='word_1_14' title='bbox 693 667 845 747; x_wconf 77' lang='lat' dir='ltr'>singulae</span> <span class='ocrx_word' id='word_1_15' title='bbox 871 682 973 727; x_wconf 87' lang='lat' dir='ltr'>voces</span> <span class='ocrx_word' id='word_1_16' title='bbox 1004 664 1340 730; x_wconf 71' lang='lat' dir='ltr'>collocataeessent.</span> 
     </span>
     <span class='ocr_line' id='line_1_4' title="bbox 178 767 1341 849; baseline -0.003 -14"><span class='ocrx_word' id='word_1_17' title='bbox 178 772 237 835; x_wconf 90' lang='lat' dir='ltr'>sed</span> <span class='ocrx_word' id='word_1_18' title='bbox 262 772 483 836; x_wconf 89' lang='lat' dir='ltr'>confidentius</span> <span class='ocrx_word' id='word_1_19' title='bbox 506 771 572 833; x_wconf 92' lang='lat' dir='ltr'>hoo</span> <span class='ocrx_word' id='word_1_20' title='bbox 595 769 721 832; x_wconf 86' lang='lat' dir='ltr'>dictum</span> <span class='ocrx_word' id='word_1_21' title='bbox 745 773 804 832; x_wconf 90' lang='lat' dir='ltr'>est.</span> <span class='ocrx_word' id='word_1_22' title='bbox 848 769 915 830; x_wconf 92' lang='lat' dir='ltr'>iam</span> <span class='ocrx_word' id='word_1_23' title='bbox 937 768 972 830; x_wconf 89' lang='lat' dir='ltr'>in</span> <span class='ocrx_word' id='word_1_24' title='bbox 994 767 1157 848; x_wconf 89' lang='lat' dir='ltr'>principio</span> <span class='ocrx_word' id='word_1_25' title='bbox 1188 769 1341 849; x_wconf 87' lang='lat' dir='ltr'>opusculi</span> 
     </span>
     <span class='ocr_line' id='line_1_5' title="bbox 177 869 1341 950; baseline -0.003 -13"><span class='ocrx_word' id='word_1_26' title='bbox 177 877 244 936; x_wconf 91' lang='lat' dir='ltr'>mei</span> <span class='ocrx_word' id='word_1_27' title='bbox 266 874 412 937; x_wconf 88' lang='lat' dir='ltr'>indicavi</span> <span class='ocrx_word' id='word_1_28' title='bbox 432 873 607 936; x_wconf 85' lang='lat' dir='ltr'>Pollucem</span> <span class='ocrx_word' id='word_1_29' title='bbox 635 875 672 933; x_wconf 93' lang='lat' dir='ltr'>ut</span> <span class='ocrx_word' id='word_1_30' title='bbox 699 872 869 933; x_wconf 83' lang='lat' dir='ltr'>rhetorem</span> <span class='ocrx_word' id='word_1_31' title='bbox 898 871 1133 950; x_wconf 85' lang='lat' dir='ltr'>antiquitatum</span> <span class='ocrx_word' id='word_1_32' title='bbox 1154 869 1341 934; x_wconf 86' lang='lat' dir='ltr'>Atticarum</span> 
     </span>
     <span class='ocr_line' id='line_1_6' title="bbox 177 970 1340 1059; baseline -0.002 -21"><span class='ocrx_word' id='word_1_33' title='bbox 177 977 388 1059; x_wconf 91' lang='lat' dir='ltr'>publicarum</span> <span class='ocrx_word' id='word_1_34' title='bbox 409 977 547 1038; x_wconf 90' lang='lat' dir='ltr'>minime</span> <span class='ocrx_word' id='word_1_35' title='bbox 567 976 669 1056; x_wconf 87' lang='lat' dir='ltr'>plane</span> <span class='ocrx_word' id='word_1_36' title='bbox 690 970 881 1055; x_wconf 86' lang='lat' dir='ltr'>imperitum</span> <span class='ocrx_word' id='word_1_37' title='bbox 899 974 1016 1036; x_wconf 88' lang='lat' dir='ltr'>fuisse:</span> <span class='ocrx_word' id='word_1_38' title='bbox 1040 973 1096 1035; x_wconf 87' lang='lat' dir='ltr'>vel</span> <span class='ocrx_word' id='word_1_39' title='bbox 1111 990 1155 1035; x_wconf 88' lang='lat' dir='ltr'>ex</span> <span class='ocrx_word' id='word_1_40' title='bbox 1170 979 1340 1036; x_wconf 87' lang='lat' dir='ltr'>oratorum</span> 
     </span>
     <span class='ocr_line' id='line_1_7' title="bbox 177 1075 1406 1157; baseline -0.003 -15"><span class='ocrx_word' id='word_1_41' title='bbox 177 1078 294 1142; x_wconf 90' lang='lat' dir='ltr'>studiis</span> <span class='ocrx_word' id='word_1_42' title='bbox 317 1081 345 1142; x_wconf 92' lang='lat' dir='ltr'>si</span> <span class='ocrx_word' id='word_1_43' title='bbox 367 1079 448 1141; x_wconf 91' lang='lat' dir='ltr'>nihil</span> <span class='ocrx_word' id='word_1_44' title='bbox 471 1078 562 1141; x_wconf 87' lang='lat' dir='ltr'>aliud</span> <span class='ocrx_word' id='word_1_45' title='bbox 585 1077 704 1140; x_wconf 90' lang='lat' dir='ltr'>saltem</span> <span class='ocrx_word' id='word_1_46' title='bbox 726 1077 864 1139; x_wconf 88' lang='lat' dir='ltr'>nomina</span> <span class='ocrx_word' id='word_1_47' title='bbox 885 1075 1090 1157; x_wconf 89' lang='lat' dir='ltr'>singularum</span> <span class='ocrx_word' id='word_1_48' title='bbox 1112 1093 1224 1138; x_wconf 92' lang='lat' dir='ltr'>rerum</span> <span class='ocrx_word' id='word_1_49' title='bbox 1238 1094 1340 1141; x_wconf 89' lang='lat' dir='ltr'>nove·</span> <span class='ocrx_word' id='word_1_50' title='bbox 1404 1110 1406 1114; x_wconf 83' lang='grc'><em>·</em></span> 
     </span>
     <span class='ocr_line' id='line_1_8' title="bbox 176 1178 1341 1264; baseline -0.003 -19"><span class='ocrx_word' id='word_1_51' title='bbox 176 1187 244 1264; x_wconf 68' lang='lat' dir='ltr'>rat,</span> <span class='ocrx_word' id='word_1_52' title='bbox 266 1185 441 1264; x_wconf 89' lang='lat' dir='ltr'>praeterea</span> <span class='ocrx_word' id='word_1_53' title='bbox 455 1180 588 1263; x_wconf 82' lang='lat' dir='ltr'>Pollux,</span> <span class='ocrx_word' id='word_1_54' title='bbox 612 1199 689 1242; x_wconf 90' lang='lat' dir='ltr'>curn</span> <span class='ocrx_word' id='word_1_55' title='bbox 710 1180 800 1241; x_wconf 91' lang='lat' dir='ltr'>hunc</span> <span class='ocrx_word' id='word_1_56' title='bbox 821 1178 945 1241; x_wconf 90' lang='lat' dir='ltr'>librum</span> <span class='ocrx_word' id='word_1_57' title='bbox 969 1182 1196 1259; x_wconf 82' lang='lat' dir='ltr'>componeret,</span> <span class='ocrx_word' id='word_1_58' title='bbox 1218 1180 1253 1240; x_wconf 93' lang='lat' dir='ltr'>in</span> <span class='ocrx_word' id='word_1_59' title='bbox 1267 1181 1341 1261; x_wconf 88' lang='lat' dir='ltr'>ipsa</span> 
     </span>
     <span class='ocr_line' id='line_1_9' title="bbox 176 1282 1340 1363; baseline -0.002 -15"><span class='ocrx_word' id='word_1_60' title='bbox 176 1285 385 1348; x_wconf 84' lang='lat' dir='ltr'>Athenarum</span> <span class='ocrx_word' id='word_1_61' title='bbox 407 1284 491 1346; x_wconf 91' lang='lat' dir='ltr'>urbe</span> <span class='ocrx_word' id='word_1_62' title='bbox 510 1282 716 1363; x_wconf 80' lang='lat' dir='ltr'>versabatur,</span> <span class='ocrx_word' id='word_1_63' title='bbox 738 1282 796 1344; x_wconf 85' lang='lat' dir='ltr'>ubi</span> <span class='ocrx_word' id='word_1_64' title='bbox 812 1282 986 1344; x_wconf 84' lang='lat' dir='ltr'>etiamtum</span> <span class='ocrx_word' id='word_1_65' title='bbox 1000 1299 1124 1362; x_wconf 88' lang='lat' dir='ltr'>magna</span> <span class='ocrx_word' id='word_1_66' title='bbox 1138 1300 1215 1362; x_wconf 91' lang='lat' dir='ltr'>pars</span> <span class='ocrx_word' id='word_1_67' title='bbox 1230 1287 1340 1346; x_wconf 87' lang='lat' dir='ltr'>vetus-</span> 
     </span>
     <span class='ocr_line' id='line_1_10' title="bbox 177 1384 1339 1468; baseline -0.002 -17"><span class='ocrx_word' id='word_1_68' title='bbox 177 1394 288 1453; x_wconf 90' lang='lat' dir='ltr'>torum</span> <span class='ocrx_word' id='word_1_69' title='bbox 317 1391 350 1450; x_wconf 89' lang='lat' dir='ltr'>et</span> <span class='ocrx_word' id='word_1_70' title='bbox 377 1387 631 1468; x_wconf 85' lang='lat' dir='ltr'>magistratuum</span> <span class='ocrx_word' id='word_1_71' title='bbox 660 1389 693 1448; x_wconf 93' lang='lat' dir='ltr'>et</span> <span class='ocrx_word' id='word_1_72' title='bbox 718 1387 842 1447; x_wconf 90' lang='lat' dir='ltr'>rituum</span> <span class='ocrx_word' id='word_1_73' title='bbox 871 1384 1035 1447; x_wconf 89' lang='lat' dir='ltr'>exstabat.</span> <span class='ocrx_word' id='word_1_74' title='bbox 1079 1385 1194 1466; x_wconf 89' lang='lat' dir='ltr'>itaque</span> <span class='ocrx_word' id='word_1_75' title='bbox 1216 1387 1244 1447; x_wconf 90' lang='lat' dir='ltr'>si</span> <span class='ocrx_word' id='word_1_76' title='bbox 1265 1387 1339 1449; x_wconf 91' lang='lat' dir='ltr'>Pol-</span> 
     </span>
     <span class='ocr_line' id='line_1_11' title="bbox 176 1486 1340 1571; baseline 0 -19"><span class='ocrx_word' id='word_1_77' title='bbox 176 1491 288 1553; x_wconf 88' lang='lat' dir='ltr'>lucem</span> <span class='ocrx_word' id='word_1_78' title='bbox 311 1493 344 1552; x_wconf 91' lang='lat' dir='ltr'>et</span> <span class='ocrx_word' id='word_1_79' title='bbox 364 1491 469 1571; x_wconf 88' lang='lat' dir='ltr'>ipsius</span> <span class='ocrx_word' id='word_1_80' title='bbox 492 1490 655 1551; x_wconf 88' lang='lat' dir='ltr'>memoria</span> <span class='ocrx_word' id='word_1_81' title='bbox 678 1492 711 1550; x_wconf 94' lang='lat' dir='ltr'>et</span> <span class='ocrx_word' id='word_1_82' title='bbox 734 1487 878 1550; x_wconf 89' lang='lat' dir='ltr'>auctoris</span> <span class='ocrx_word' id='word_1_83' title='bbox 900 1487 995 1549; x_wconf 90' lang='lat' dir='ltr'>locus</span> <span class='ocrx_word' id='word_1_84' title='bbox 1023 1486 1125 1550; x_wconf 92' lang='lat' dir='ltr'>modo</span> <span class='ocrx_word' id='word_1_85' title='bbox 1156 1489 1340 1570; x_wconf 89' lang='lat' dir='ltr'>exscriptus</span> 
     </span>
     <span class='ocr_line' id='line_1_12' title="bbox 178 1589 1341 1674; baseline -0.002 -18"><span class='ocrx_word' id='word_1_86' title='bbox 178 1598 285 1673; x_wconf 77' lang='lat' dir='ltr'>(certe</span> <span class='ocrx_word' id='word_1_87' title='bbox 307 1593 441 1674; x_wconf 86' lang='lat' dir='ltr'>saepius</span> <span class='ocrx_word' id='word_1_88' title='bbox 463 1593 528 1655; x_wconf 93' lang='lat' dir='ltr'>hoc</span> <span class='ocrx_word' id='word_1_89' title='bbox 550 1593 675 1654; x_wconf 83' lang='lat' dir='ltr'>facbrm</span> <span class='ocrx_word' id='word_1_90' title='bbox 697 1594 762 1669; x_wconf 85' lang='lat' dir='ltr'>est)</span> <span class='ocrx_word' id='word_1_91' title='bbox 787 1590 830 1653; x_wconf 87' lang='lat' dir='ltr'>ad</span> <span class='ocrx_word' id='word_1_92' title='bbox 852 1608 958 1653; x_wconf 84' lang='lat' dir='ltr'>noras</span> <span class='ocrx_word' id='word_1_93' title='bbox 982 1589 1132 1653; x_wconf 90' lang='lat' dir='ltr'>eiusdem</span> <span class='ocrx_word' id='word_1_94' title='bbox 1154 1595 1341 1672; x_wconf 89' lang='lat' dir='ltr'>argumenti</span> 
     </span>
     <span class='ocr_line' id='line_1_13' title="bbox 177 1692 1380 1777; baseline -0.002 -19"><span class='ocrx_word' id='word_1_95' title='bbox 177 1714 231 1759; x_wconf 90' lang='lat' dir='ltr'>res</span> <span class='ocrx_word' id='word_1_96' title='bbox 261 1695 443 1777; x_wconf 89' lang='lat' dir='ltr'>duxeruut,</span> <span class='ocrx_word' id='word_1_97' title='bbox 480 1713 546 1776; x_wconf 93' lang='lat' dir='ltr'>quo</span> <span class='ocrx_word' id='word_1_98' title='bbox 578 1693 806 1758; x_wconf 86' lang='lat' dir='ltr'>commodiore</span> <span class='ocrx_word' id='word_1_99' title='bbox 836 1692 960 1757; x_wconf 85' lang='lat' dir='ltr'>auxilio</span> <span class='ocrx_word' id='word_1_100' title='bbox 990 1694 1039 1756; x_wconf 92' lang='lat' dir='ltr'>uti</span> <span class='ocrx_word' id='word_1_101' title='bbox 1066 1697 1209 1775; x_wconf 90' lang='lat' dir='ltr'>poterat,</span> <span class='ocrx_word' id='word_1_102' title='bbox 1239 1713 1340 1774; x_wconf 87' lang='lat' dir='ltr'>quam</span> <span class='ocrx_word' id='word_1_103' title='bbox 1374 1703 1380 1722; x_wconf 64' lang='lat'>¹</span> 
     </span>
     <span class='ocr_line' id='line_1_14' title="bbox 178 1796 1339 1878; baseline -0.001 -18"><span class='ocrx_word' id='word_1_104' title='bbox 178 1799 289 1861; x_wconf 83' lang='lat' dir='ltr'>lexico</span> <span class='ocrx_word' id='word_1_105' title='bbox 326 1798 370 1861; x_wconf 90' lang='lat' dir='ltr'>ad</span> <span class='ocrx_word' id='word_1_106' title='bbox 405 1799 591 1861; x_wconf 89' lang='lat' dir='ltr'>litterarum</span> <span class='ocrx_word' id='word_1_107' title='bbox 617 1796 782 1860; x_wconf 90' lang='lat' dir='ltr'>ordinem</span> <span class='ocrx_word' id='word_1_108' title='bbox 824 1796 976 1878; x_wconf 81' lang='lat' dir='ltr'>digesto?</span> <span class='ocrx_word' id='word_1_109' title='bbox 1020 1797 1126 1858; x_wconf 92' lang='lat' dir='ltr'>multo</span> <span class='ocrx_word' id='word_1_110' title='bbox 1161 1797 1261 1859; x_wconf 88' lang='lat' dir='ltr'>etiam</span> <span class='ocrx_word' id='word_1_111' title='bbox 1295 1799 1339 1859; x_wconf 90' lang='lat' dir='ltr'>fa-</span> 
     </span>
     <span class='ocr_line' id='line_1_15' title="bbox 180 1897 1339 1983; baseline -0.001 -19"><span class='ocrx_word' id='word_1_112' title='bbox 180 1902 273 1966; x_wconf 89' lang='lat' dir='ltr'>cilior</span> <span class='ocrx_word' id='word_1_113' title='bbox 295 1903 367 1963; x_wconf 90' lang='lat' dir='ltr'>eius</span> <span class='ocrx_word' id='word_1_114' title='bbox 387 1900 484 1964; x_wconf 89' lang='lat' dir='ltr'>labor</span> <span class='ocrx_word' id='word_1_115' title='bbox 507 1905 588 1983; x_wconf 89' lang='lat' dir='ltr'>erat,</span> <span class='ocrx_word' id='word_1_116' title='bbox 622 1901 650 1963; x_wconf 90' lang='lat' dir='ltr'>si</span> <span class='ocrx_word' id='word_1_117' title='bbox 672 1898 854 1962; x_wconf 82' lang='lat' dir='ltr'>Schmidtio</span> <span class='ocrx_word' id='word_1_118' title='bbox 884 1897 918 1982; x_wconf 88' lang='lat' dir='ltr'>(l.</span> <span class='ocrx_word' id='word_1_119' title='bbox 941 1899 962 1963; x_wconf 92' lang='lat' dir='ltr'>l.</span> <span class='ocrx_word' id='word_1_120' title='bbox 987 1917 1058 1979; x_wconf 90' lang='lat' dir='ltr'>cap.</span> <span class='ocrx_word' id='word_1_121' title='bbox 1080 1899 1143 1977; x_wconf 88' lang='lat' dir='ltr'>IX)</span> <span class='ocrx_word' id='word_1_122' title='bbox 1174 1899 1339 1962; x_wconf 89' lang='lat' dir='ltr'>credimus</span> 
     </span>
     <span class='ocr_line' id='line_1_16' title="bbox 178 1997 1339 2088; baseline 0.001 -23"><span class='ocrx_word' id='word_1_123' title='bbox 178 2003 389 2088; x_wconf 88' lang='lat' dir='ltr'>Pamphilum</span> <span class='ocrx_word' id='word_1_124' title='bbox 410 2005 498 2067; x_wconf 90' lang='lat' dir='ltr'>intra</span> <span class='ocrx_word' id='word_1_125' title='bbox 519 2019 793 2085; x_wconf 87' lang='lat' dir='ltr'>unamquamque</span> <span class='ocrx_word' id='word_1_126' title='bbox 813 2002 958 2065; x_wconf 88' lang='lat' dir='ltr'>litteram</span> <span class='ocrx_word' id='word_1_127' title='bbox 972 2018 1026 2063; x_wconf 90' lang='lat' dir='ltr'>res</span> <span class='ocrx_word' id='word_1_128' title='bbox 1043 1997 1193 2064; x_wconf 74' lang='lat' dir='ltr'>eiusdem</span> <span class='ocrx_word' id='word_1_129' title='bbox 1208 2004 1339 2084; x_wconf 89' lang='lat' dir='ltr'>generis</span> 
     </span>
     <span class='ocr_line' id='line_1_17' title="bbox 178 2102 1338 2188; baseline 0.001 -20"><span class='ocrx_word' id='word_1_130' title='bbox 178 2112 212 2170; x_wconf 91' lang='lat' dir='ltr'>et</span> <span class='ocrx_word' id='word_1_131' title='bbox 240 2107 427 2188; x_wconf 89' lang='lat' dir='ltr'>argumenti</span> <span class='ocrx_word' id='word_1_132' title='bbox 454 2124 523 2169; x_wconf 91' lang='lat' dir='ltr'>non</span> <span class='ocrx_word' id='word_1_133' title='bbox 553 2123 742 2188; x_wconf 79' lang='lat' dir='ltr'>separasse,</span> <span class='ocrx_word' id='word_1_134' title='bbox 771 2104 829 2167; x_wconf 90' lang='lat' dir='ltr'>sed</span> <span class='ocrx_word' id='word_1_135' title='bbox 861 2121 922 2167; x_wconf 92' lang='lat' dir='ltr'>suo</span> <span class='ocrx_word' id='word_1_136' title='bbox 952 2102 1100 2185; x_wconf 89' lang='lat' dir='ltr'>quidque</span> <span class='ocrx_word' id='word_1_137' title='bbox 1129 2122 1235 2185; x_wconf 89' lang='lat' dir='ltr'>genus</span> <span class='ocrx_word' id='word_1_138' title='bbox 1262 2106 1338 2169; x_wconf 89' lang='lat' dir='ltr'>loco</span> 
     </span>
     <span class='ocr_line' id='line_1_18' title="bbox 178 2208 640 2292; baseline -0.002 -21"><span class='ocrx_word' id='word_1_139' title='bbox 178 2213 416 2292; x_wconf 90' lang='lat' dir='ltr'>congregatum</span> <span class='ocrx_word' id='word_1_140' title='bbox 440 2208 640 2272; x_wconf 87' lang='lat' dir='ltr'>exhibuisse.</span> 
     </span>
    </p>

    <p class='ocr_par' dir='ltr' id='par_1_4' title="bbox 174 2308 1409 3830">
     <span class='ocr_line' id='line_1_19' title="bbox 260 2308 1380 2397; baseline -0.002 -22"><span class='ocrx_word' id='word_1_141' title='bbox 260 2313 356 2375; x_wconf 84' lang='lat' dir='ltr'>Neve</span> <span class='ocrx_word' id='word_1_142' title='bbox 377 2311 411 2374; x_wconf 91' lang='lat' dir='ltr'>id</span> <span class='ocrx_word' id='word_1_143' title='bbox 434 2313 514 2374; x_wconf 91' lang='lat' dir='ltr'>mihi</span> <span class='ocrx_word' id='word_1_144' title='bbox 538 2312 715 2394; x_wconf 90' lang='lat' dir='ltr'>quisquam</span> <span class='ocrx_word' id='word_1_145' title='bbox 731 2310 855 2374; x_wconf 91' lang='lat' dir='ltr'>obiciat</span> <span class='ocrx_word' id='word_1_146' title='bbox 869 2309 1044 2372; x_wconf 88' lang='lat' dir='ltr'>Pollucem</span> <span class='ocrx_word' id='word_1_147' title='bbox 1057 2308 1176 2397; x_wconf 89' lang='lat' dir='ltr'>iisdem</span> <span class='ocrx_word' id='word_1_148' title='bbox 1191 2310 1338 2373; x_wconf 88' lang='lat' dir='ltr'>fontibus</span> <span class='ocrx_word' id='word_1_149' title='bbox 1377 2386 1380 2391; x_wconf 27' lang='grc' dir='ltr'>Ι</span> 
     </span>
     <span class='ocr_line' id='line_1_20' title="bbox 176 2413 1339 2497; baseline -0.003 -19"><span class='ocrx_word' id='word_1_150' title='bbox 176 2435 274 2478; x_wconf 88' lang='lat' dir='ltr'>usum</span> <span class='ocrx_word' id='word_1_151' title='bbox 297 2433 381 2497; x_wconf 90' lang='lat' dir='ltr'>esse,</span> <span class='ocrx_word' id='word_1_152' title='bbox 405 2415 526 2496; x_wconf 91' lang='lat' dir='ltr'>quibus</span> <span class='ocrx_word' id='word_1_153' title='bbox 541 2414 747 2493; x_wconf 87' lang='lat' dir='ltr'>Hesychiani</span> <span class='ocrx_word' id='word_1_154' title='bbox 761 2413 862 2475; x_wconf 89' lang='lat' dir='ltr'>lexici</span> <span class='ocrx_word' id='word_1_155' title='bbox 880 2417 1062 2476; x_wconf 88' lang='lat' dir='ltr'>auctorem.</span> <span class='ocrx_word' id='word_1_156' title='bbox 1091 2431 1171 2474; x_wconf 89' lang='lat' dir='ltr'>nam</span> <span class='ocrx_word' id='word_1_157' title='bbox 1185 2413 1339 2494; x_wconf 86' lang='lat' dir='ltr'>primum,</span> 
     </span>
     <span class='ocr_line' id='line_1_21' title="bbox 175 2505 1409 2598; baseline -0.002 -17"><span class='ocrx_word' id='word_1_158' title='bbox 175 2520 204 2581; x_wconf 90' lang='lat' dir='ltr'>si</span> <span class='ocrx_word' id='word_1_159' title='bbox 224 2518 371 2581; x_wconf 87' lang='lat' dir='ltr'>Pollucis</span> <span class='ocrx_word' id='word_1_160' title='bbox 395 2520 567 2579; x_wconf 87' lang='lat' dir='ltr'>auctorem</span> <span class='ocrx_word' id='word_1_161' title='bbox 583 2516 785 2598; x_wconf 89' lang='lat' dir='ltr'>quaerimus,</span> <span class='ocrx_word' id='word_1_162' title='bbox 809 2515 1037 2578; x_wconf 87' lang='lat' dir='ltr'>desideramus</span> <span class='ocrx_word' id='word_1_163' title='bbox 1053 2516 1258 2598; x_wconf 90' lang='lat' dir='ltr'>scriptorem,</span> <span class='ocrx_word' id='word_1_164' title='bbox 1282 2517 1340 2596; x_wconf 92' lang='lat' dir='ltr'>qui</span> <span class='ocrx_word' id='word_1_165' title='bbox 1406 2505 1409 2514; x_wconf 85' lang='grc'><strong>’</strong></span> 
     </span>
     <span class='ocr_line' id='line_1_22' title="bbox 175 2609 1338 2700; baseline 0 -18"><span class='ocrx_word' id='word_1_166' title='bbox 175 2639 244 2684; x_wconf 90' lang='lat' dir='ltr'>nou</span> <span class='ocrx_word' id='word_1_167' title='bbox 267 2621 376 2683; x_wconf 87' lang='lat' dir='ltr'>solum</span> <span class='ocrx_word' id='word_1_168' title='bbox 398 2620 570 2682; x_wconf 89' lang='lat' dir='ltr'>rhetorum</span> <span class='ocrx_word' id='word_1_169' title='bbox 593 2620 731 2700; x_wconf 83' lang='lat' dir='ltr'>glossas,</span> <span class='ocrx_word' id='word_1_170' title='bbox 755 2618 816 2680; x_wconf 91' lang='grc'><strong>1111</strong></span> <span class='ocrx_word' id='word_1_171' title='bbox 839 2619 939 2680; x_wconf 90' lang='lat' dir='ltr'>etiam</span> <span class='ocrx_word' id='word_1_172' title='bbox 963 2619 1168 2681; x_wconf 92' lang='lat' dir='ltr'>comicorum</span> <span class='ocrx_word' id='word_1_173' title='bbox 1182 2609 1338 2700; x_wconf 82' lang='lat' dir='ltr'>respexe-</span> 
     </span>
     <span class='ocr_line' id='line_1_23' title="bbox 174 2720 1339 2803; baseline -0.001 -18"><span class='ocrx_word' id='word_1_174' title='bbox 174 2724 230 2785; x_wconf 90' lang='lat' dir='ltr'>rit:</span> <span class='ocrx_word' id='word_1_175' title='bbox 254 2721 447 2803; x_wconf 87' lang='lat' dir='ltr'>Pamphilus</span> <span class='ocrx_word' id='word_1_176' title='bbox 471 2721 535 2784; x_wconf 90' lang='lat' dir='ltr'>hcc</span> <span class='ocrx_word' id='word_1_177' title='bbox 556 2723 729 2802; x_wconf 89' lang='lat' dir='ltr'>praestitit.</span> <span class='ocrx_word' id='word_1_178' title='bbox 776 2720 898 2783; x_wconf 90' lang='lat' dir='ltr'>deiude</span> <span class='ocrx_word' id='word_1_179' title='bbox 921 2721 958 2801; x_wconf 89' lang='lat' dir='ltr'>si,</span> <span class='ocrx_word' id='word_1_180' title='bbox 981 2725 1018 2782; x_wconf 91' lang='lat' dir='ltr'>ut</span> <span class='ocrx_word' id='word_1_181' title='bbox 1034 2739 1075 2783; x_wconf 89' lang='lat' dir='ltr'>ea</span> <span class='ocrx_word' id='word_1_182' title='bbox 1089 2722 1227 2803; x_wconf 89' lang='lat' dir='ltr'>mittam,</span> <span class='ocrx_word' id='word_1_183' title='bbox 1251 2741 1339 2802; x_wconf 89' lang='lat' dir='ltr'>quae</span> 
     </span>
     <span class='ocr_line' id='line_1_24' title="bbox 175 2821 1337 2906; baseline 0.003 -19"><span class='ocrx_word' id='word_1_184' title='bbox 175 2830 309 2906; x_wconf 88' lang='lat' dir='ltr'>praeter</span> <span class='ocrx_word' id='word_1_185' title='bbox 335 2824 509 2886; x_wconf 90' lang='lat' dir='ltr'>Pollucem</span> <span class='ocrx_word' id='word_1_186' title='bbox 546 2823 637 2886; x_wconf 92' lang='lat' dir='ltr'>solus</span> <span class='ocrx_word' id='word_1_187' title='bbox 665 2823 853 2903; x_wconf 85' lang='lat' dir='ltr'>Hesychius</span> <span class='ocrx_word' id='word_1_188' title='bbox 882 2821 996 2904; x_wconf 85' lang='lat' dir='ltr'>tradit,</span> <span class='ocrx_word' id='word_1_189' title='bbox 1030 2823 1059 2886; x_wconf 92' lang='lat' dir='ltr'>si</span> <span class='ocrx_word' id='word_1_190' title='bbox 1086 2823 1208 2886; x_wconf 85' lang='lat' dir='ltr'>Pollux</span> <span class='ocrx_word' id='word_1_191' title='bbox 1235 2825 1337 2890; x_wconf 89' lang='lat' dir='ltr'>modo</span> 
     </span>
     <span class='ocr_line' id='line_1_25' title="bbox 178 2923 1337 3009; baseline 0 -19"><span class='ocrx_word' id='word_1_192' title='bbox 178 2946 254 2990; x_wconf 91' lang='lat' dir='ltr'>cum</span> <span class='ocrx_word' id='word_1_193' title='bbox 276 2927 551 3009; x_wconf 90' lang='lat' dir='ltr'>Harpocratione,</span> <span class='ocrx_word' id='word_1_194' title='bbox 574 2925 676 2989; x_wconf 92' lang='lat' dir='ltr'>modo</span> <span class='ocrx_word' id='word_1_195' title='bbox 702 2944 778 2988; x_wconf 89' lang='lat' dir='ltr'>cum</span> <span class='ocrx_word' id='word_1_196' title='bbox 799 2926 909 2988; x_wconf 86' lang='lat' dir='ltr'>lexico</span> <span class='ocrx_word' id='word_1_197' title='bbox 934 2923 1207 3008; x_wconf 78' lang='lat' dir='ltr'>Cantabrigiensi,</span> <span class='ocrx_word' id='word_1_198' title='bbox 1235 2927 1337 2990; x_wconf 93' lang='lat' dir='ltr'>modo</span> 
     </span>
     <span class='ocr_line' id='line_1_26' title="bbox 177 3028 1337 3112; baseline 0.002 -20"><span class='ocrx_word' id='word_1_199' title='bbox 177 3048 253 3092; x_wconf 89' lang='lat' dir='ltr'>cum</span> <span class='ocrx_word' id='word_1_200' title='bbox 274 3030 406 3112; x_wconf 85' lang='lat' dir='ltr'>Photio‚</span> <span class='ocrx_word' id='word_1_201' title='bbox 428 3028 531 3092; x_wconf 93' lang='lat' dir='ltr'>modo</span> <span class='ocrx_word' id='word_1_202' title='bbox 556 3047 632 3090; x_wconf 88' lang='lat' dir='ltr'>cum</span> <span class='ocrx_word' id='word_1_203' title='bbox 648 3029 782 3092; x_wconf 91' lang='lat' dir='ltr'>scholiis</span> <span class='ocrx_word' id='word_1_204' title='bbox 799 3033 980 3109; x_wconf 89' lang='lat' dir='ltr'>oratorum,</span> <span class='ocrx_word' id='word_1_205' title='bbox 1003 3028 1104 3092; x_wconf 93' lang='lat' dir='ltr'>modo</span> <span class='ocrx_word' id='word_1_206' title='bbox 1122 3047 1198 3092; x_wconf 90' lang='lat' dir='ltr'>cum</span> <span class='ocrx_word' id='word_1_207' title='bbox 1212 3030 1337 3094; x_wconf 85' lang='lat' dir='ltr'>Aristo-</span> 
     </span>
     <span class='ocr_line' id='line_1_27' title="bbox 175 3131 1338 3215; baseline 0.001 -20"><span class='ocrx_word' id='word_1_208' title='bbox 175 3134 324 3215; x_wconf 73' lang='lat' dir='ltr'>phanem,</span> <span class='ocrx_word' id='word_1_209' title='bbox 353 3133 454 3196; x_wconf 92' lang='lat' dir='ltr'>modo</span> <span class='ocrx_word' id='word_1_210' title='bbox 483 3151 560 3194; x_wconf 90' lang='lat' dir='ltr'>cum</span> <span class='ocrx_word' id='word_1_211' title='bbox 581 3131 773 3213; x_wconf 89' lang='lat' dir='ltr'>Platonicis,</span> <span class='ocrx_word' id='word_1_212' title='bbox 802 3131 904 3196; x_wconf 90' lang='lat' dir='ltr'>modo</span> <span class='ocrx_word' id='word_1_213' title='bbox 929 3150 1006 3194; x_wconf 93' lang='lat' dir='ltr'>cum</span> <span class='ocrx_word' id='word_1_214' title='bbox 1027 3132 1099 3194; x_wconf 87' lang='lat' dir='ltr'>aliis</span> <span class='ocrx_word' id='word_1_215' title='bbox 1122 3133 1338 3214; x_wconf 89' lang='lat' dir='ltr'>scriptoribus</span> 
     </span>
     <span class='ocr_line' id='line_1_28' title="bbox 177 3235 1337 3318; baseline 0 -20"><span class='ocrx_word' id='word_1_216' title='bbox 177 3237 352 3318; x_wconf 88' lang='lat' dir='ltr'>consentit,</span> <span class='ocrx_word' id='word_1_217' title='bbox 380 3235 440 3298; x_wconf 88' lang='lat' dir='ltr'>sed</span> <span class='ocrx_word' id='word_1_218' title='bbox 462 3235 698 3315; x_wconf 88' lang='lat' dir='ltr'>Hesychianae</span> <span class='ocrx_word' id='word_1_219' title='bbox 719 3235 882 3316; x_wconf 89' lang='lat' dir='ltr'>reliquiae</span> <span class='ocrx_word' id='word_1_220' title='bbox 913 3235 1014 3296; x_wconf 89' lang='lat' dir='ltr'>etiam</span> <span class='ocrx_word' id='word_1_221' title='bbox 1042 3235 1077 3296; x_wconf 89' lang='lat' dir='ltr'>iu</span> <span class='ocrx_word' id='word_1_222' title='bbox 1107 3253 1237 3298; x_wconf 86' lang='lat' dir='ltr'>summa</span> <span class='ocrx_word' id='word_1_223' title='bbox 1264 3237 1337 3299; x_wconf 89' lang='lat' dir='ltr'>reli-</span> 
     </span>
     <span class='ocr_line' id='line_1_29' title="bbox 176 3337 1337 3420; baseline 0 -20"><span class='ocrx_word' id='word_1_224' title='bbox 176 3357 319 3420; x_wconf 88' lang='lat' dir='ltr'>quorum</span> <span class='ocrx_word' id='word_1_225' title='bbox 354 3339 646 3419; x_wconf 88' lang='lat' dir='ltr'>grammaticorum</span> <span class='ocrx_word' id='word_1_226' title='bbox 675 3337 884 3400; x_wconf 88' lang='lat' dir='ltr'>dissensione</span> <span class='ocrx_word' id='word_1_227' title='bbox 913 3341 947 3399; x_wconf 90' lang='lat' dir='ltr'>et</span> <span class='ocrx_word' id='word_1_228' title='bbox 973 3338 1008 3398; x_wconf 92' lang='lat' dir='ltr'>in</span> <span class='ocrx_word' id='word_1_229' title='bbox 1038 3337 1215 3400; x_wconf 91' lang='lat' dir='ltr'>cuiuslibet</span> <span class='ocrx_word' id='word_1_230' title='bbox 1242 3357 1337 3420; x_wconf 90' lang='lat' dir='ltr'>argu-</span> 
     </span>
     <span class='ocr_line' id='line_1_30' title="bbox 175 3439 1339 3523; baseline 0.003 -21"><span class='ocrx_word' id='word_1_231' title='bbox 175 3441 280 3502; x_wconf 88' lang='lat' dir='ltr'>menti</span> <span class='ocrx_word' id='word_1_232' title='bbox 301 3440 401 3503; x_wconf 89' lang='lat' dir='ltr'>rebus</span> <span class='ocrx_word' id='word_1_233' title='bbox 423 3458 533 3522; x_wconf 90' lang='lat' dir='ltr'>paene</span> <span class='ocrx_word' id='word_1_234' title='bbox 555 3457 689 3521; x_wconf 90' lang='lat' dir='ltr'>semper</span> <span class='ocrx_word' id='word_1_235' title='bbox 712 3458 788 3503; x_wconf 91' lang='lat' dir='ltr'>cum</span> <span class='ocrx_word' id='word_1_236' title='bbox 802 3439 942 3502; x_wconf 89' lang='lat' dir='ltr'>Polluce</span> <span class='ocrx_word' id='word_1_237' title='bbox 966 3440 1166 3521; x_wconf 89' lang='lat' dir='ltr'>conspirant,</span> <span class='ocrx_word' id='word_1_238' title='bbox 1190 3443 1263 3523; x_wconf 90' lang='lat' dir='ltr'>quis</span> <span class='ocrx_word' id='word_1_239' title='bbox 1281 3447 1339 3506; x_wconf 88' lang='lat' dir='ltr'>aut</span> 
     </span>
     <span class='ocr_line' id='line_1_31' title="bbox 176 3542 1336 3625; baseline 0.003 -20"><span class='ocrx_word' id='word_1_240' title='bbox 176 3562 256 3608; x_wconf 88' lang='lat' dir='ltr'>casu</span> <span class='ocrx_word' id='word_1_241' title='bbox 284 3543 350 3605; x_wconf 94' lang='lat' dir='ltr'>hoc</span> <span class='ocrx_word' id='word_1_242' title='bbox 378 3544 503 3605; x_wconf 86' lang='lat' dir='ltr'>factum</span> <span class='ocrx_word' id='word_1_243' title='bbox 532 3548 590 3605; x_wconf 88' lang='lat' dir='ltr'>aut</span> <span class='ocrx_word' id='word_1_244' title='bbox 617 3545 726 3606; x_wconf 82' lang='lat' dir='ltr'>fontes</span> <span class='ocrx_word' id='word_1_245' title='bbox 754 3542 881 3625; x_wconf 91' lang='lat' dir='ltr'>ubique</span> <span class='ocrx_word' id='word_1_246' title='bbox 910 3560 1104 3606; x_wconf 91' lang='lat' dir='ltr'>communes</span> <span class='ocrx_word' id='word_1_247' title='bbox 1132 3543 1233 3606; x_wconf 88' lang='lat' dir='ltr'>fuisse</span> <span class='ocrx_word' id='word_1_248' title='bbox 1262 3563 1336 3608; x_wconf 88' lang='lat' dir='ltr'>cen-</span> 
     </span>
     <span class='ocr_line' id='line_1_32' title="bbox 175 3645 1337 3728; baseline 0.002 -20"><span class='ocrx_word' id='word_1_249' title='bbox 175 3645 282 3708; x_wconf 85' lang='lat' dir='ltr'>sebit?</span> <span class='ocrx_word' id='word_1_250' title='bbox 327 3650 360 3708; x_wconf 89' lang='lat' dir='ltr'>at</span> <span class='ocrx_word' id='word_1_251' title='bbox 389 3645 546 3727; x_wconf 90' lang='lat' dir='ltr'>equidem</span> <span class='ocrx_word' id='word_1_252' title='bbox 568 3663 636 3709; x_wconf 92' lang='lat' dir='ltr'>non</span> <span class='ocrx_word' id='word_1_253' title='bbox 658 3664 747 3728; x_wconf 89' lang='lat' dir='ltr'>nego</span> <span class='ocrx_word' id='word_1_254' title='bbox 770 3645 901 3708; x_wconf 90' lang='lat' dir='ltr'>Polluci</span> <span class='ocrx_word' id='word_1_255' title='bbox 932 3649 965 3707; x_wconf 89' lang='lat' dir='ltr'>et</span> <span class='ocrx_word' id='word_1_256' title='bbox 993 3645 1161 3726; x_wconf 91' lang='lat' dir='ltr'>Hesychio</span> <span class='ocrx_word' id='word_1_257' title='bbox 1192 3647 1337 3710; x_wconf 89' lang='lat' dir='ltr'>eundem</span> 
     </span>
     <span class='ocr_line' id='line_1_33' title="bbox 175 3747 1179 3830; baseline 0 -19"><span class='ocrx_word' id='word_1_258' title='bbox 175 3753 347 3812; x_wconf 88' lang='lat' dir='ltr'>auctorem</span> <span class='ocrx_word' id='word_1_259' title='bbox 368 3749 480 3830; x_wconf 76' lang='lat' dir='ltr'>trisse,</span> <span class='ocrx_word' id='word_1_260' title='bbox 504 3747 564 3812; x_wconf 92' lang='lat' dir='ltr'>sed</span> <span class='ocrx_word' id='word_1_261' title='bbox 586 3749 640 3812; x_wconf 90' lang='lat' dir='ltr'>hic</span> <span class='ocrx_word' id='word_1_262' title='bbox 662 3753 779 3811; x_wconf 92' lang='lat' dir='ltr'>auctor</span> <span class='ocrx_word' id='word_1_263' title='bbox 801 3749 861 3811; x_wconf 90' lang='lat' dir='ltr'>fuit</span> <span class='ocrx_word' id='word_1_264' title='bbox 883 3749 955 3829; x_wconf 90' lang='lat' dir='ltr'>ipse</span> <span class='ocrx_word' id='word_1_265' title='bbox 976 3748 1179 3830; x_wconf 90' lang='lat' dir='ltr'>Pamphilus.</span> 
     </span>
    </p>
   </div>
   <div class='ocr_carea' id='block_1_4' title="bbox 172 3859 1336 4561">
    <p class='ocr_par' dir='ltr' id='par_1_5' title="bbox 172 3859 1336 4561">
     <span class='ocr_line' id='line_1_34' title="bbox 259 3859 1336 3944; baseline 0.003 -22"><span class='ocrx_word' id='word_1_266' title='bbox 259 3860 319 3922; x_wconf 90' lang='lat' dir='ltr'>His</span> <span class='ocrx_word' id='word_1_267' title='bbox 348 3860 508 3942; x_wconf 88' lang='lat' dir='ltr'>expositis</span> <span class='ocrx_word' id='word_1_268' title='bbox 538 3861 724 3922; x_wconf 88' lang='lat' dir='ltr'>accuratius</span> <span class='ocrx_word' id='word_1_269' title='bbox 752 3861 786 3922; x_wconf 94' lang='lat' dir='ltr'>in</span> <span class='ocrx_word' id='word_1_270' title='bbox 816 3859 947 3941; x_wconf 90' lang='lat' dir='ltr'>singula</span> <span class='ocrx_word' id='word_1_271' title='bbox 974 3861 1189 3942; x_wconf 86' lang='lat' dir='ltr'>inquiramus.</span> <span class='ocrx_word' id='word_1_272' title='bbox 1235 3880 1336 3944; x_wconf 91' lang='lat' dir='ltr'>saepe</span> 
     </span>
     <span class='ocr_line' id='line_1_35' title="bbox 174 3963 1334 4045; baseline 0.003 -19"><span class='ocrx_word' id='word_1_273' title='bbox 174 3963 362 4045; x_wconf 89' lang='lat' dir='ltr'>Hesychius</span> <span class='ocrx_word' id='word_1_274' title='bbox 386 3966 443 4024; x_wconf 88' lang='lat' dir='ltr'>aut</span> <span class='ocrx_word' id='word_1_275' title='bbox 465 3963 556 4025; x_wconf 90' lang='lat' dir='ltr'>solus</span> <span class='ocrx_word' id='word_1_276' title='bbox 578 3967 712 4044; x_wconf 89' lang='lat' dir='ltr'>praeter</span> <span class='ocrx_word' id='word_1_277' title='bbox 725 3963 900 4025; x_wconf 88' lang='lat' dir='ltr'>Pollucem</span> <span class='ocrx_word' id='word_1_278' title='bbox 916 3979 989 4025; x_wconf 91' lang='lat' dir='ltr'>rem</span> <span class='ocrx_word' id='word_1_279' title='bbox 1004 3963 1175 4044; x_wconf 88' lang='lat' dir='ltr'>quandam</span> <span class='ocrx_word' id='word_1_280' title='bbox 1191 3973 1334 4029; x_wconf 88' lang='lat' dir='ltr'>comme-</span> 
     </span>
     <span class='ocr_line' id='line_1_36' title="bbox 174 4065 1334 4147; baseline 0.003 -19"><span class='ocrx_word' id='word_1_281' title='bbox 174 4069 283 4130; x_wconf 89' lang='lat' dir='ltr'>morat</span> <span class='ocrx_word' id='word_1_282' title='bbox 305 4070 363 4128; x_wconf 88' lang='lat' dir='ltr'>aut</span> <span class='ocrx_word' id='word_1_283' title='bbox 383 4083 465 4147; x_wconf 89' lang='lat' dir='ltr'>prae</span> <span class='ocrx_word' id='word_1_284' title='bbox 488 4066 607 4128; x_wconf 89' lang='lat' dir='ltr'>ceteris</span> <span class='ocrx_word' id='word_1_285' title='bbox 632 4083 708 4127; x_wconf 91' lang='lat' dir='ltr'>cum</span> <span class='ocrx_word' id='word_1_286' title='bbox 729 4065 869 4127; x_wconf 89' lang='lat' dir='ltr'>Polluce</span> <span class='ocrx_word' id='word_1_287' title='bbox 890 4065 977 4128; x_wconf 86' lang='lat' dir='ltr'>iacit.</span> <span class='ocrx_word' id='word_1_288' title='bbox 1016 4065 1184 4128; x_wconf 89' lang='lat' dir='ltr'>interdum</span> <span class='ocrx_word' id='word_1_289' title='bbox 1205 4068 1240 4130; x_wconf 91' lang='lat' dir='ltr'>in</span> <span class='ocrx_word' id='word_1_290' title='bbox 1262 4068 1334 4132; x_wconf 88' lang='lat' dir='ltr'>bre-</span> 
     </span>
     <span class='ocr_line' id='line_1_37' title="bbox 173 4167 1334 4251; baseline 0.001 -20"><span class='ocrx_word' id='word_1_291' title='bbox 173 4169 321 4232; x_wconf 88' lang='lat' dir='ltr'>vioribus</span> <span class='ocrx_word' id='word_1_292' title='bbox 337 4169 455 4251; x_wconf 83' lang='lat' dir='ltr'>glossis</span> <span class='ocrx_word' id='word_1_293' title='bbox 472 4168 623 4250; x_wconf 90' lang='lat' dir='ltr'>congruit</span> <span class='ocrx_word' id='word_1_294' title='bbox 639 4167 775 4249; x_wconf 90' lang='lat' dir='ltr'>quidem</span> <span class='ocrx_word' id='word_1_295' title='bbox 789 4167 912 4229; x_wconf 92' lang='lat' dir='ltr'>Pollux</span> <span class='ocrx_word' id='word_1_296' title='bbox 928 4185 1004 4229; x_wconf 91' lang='lat' dir='ltr'>cum</span> <span class='ocrx_word' id='word_1_297' title='bbox 1019 4168 1199 4250; x_wconf 84' lang='lat' dir='ltr'>Hesychio,</span> <span class='ocrx_word' id='word_1_298' title='bbox 1223 4174 1334 4234; x_wconf 89' lang='lat' dir='ltr'>tamen</span> 
     </span>
     <span class='ocr_line' id='line_1_38' title="bbox 174 4270 1336 4353; baseline 0.002 -19"><span class='ocrx_word' id='word_1_299' title='bbox 174 4273 280 4353; x_wconf 89' lang='lat' dir='ltr'>magis</span> <span class='ocrx_word' id='word_1_300' title='bbox 303 4271 519 4334; x_wconf 91' lang='lat' dir='ltr'>cumPhotio</span> <span class='ocrx_word' id='word_1_301' title='bbox 545 4272 775 4353; x_wconf 80' lang='lat' dir='ltr'>conspirat-</span> <span class='ocrx_word' id='word_1_302' title='bbox 803 4271 874 4333; x_wconf 86' lang='lat' dir='ltr'>sive</span> <span class='ocrx_word' id='word_1_303' title='bbox 902 4270 956 4333; x_wconf 88' lang='lat' dir='ltr'>hic</span> <span class='ocrx_word' id='word_1_304' title='bbox 983 4271 1085 4352; x_wconf 89' lang='lat' dir='ltr'>paulo</span> <span class='ocrx_word' id='word_1_305' title='bbox 1116 4271 1257 4352; x_wconf 91' lang='lat' dir='ltr'>amplior</span> <span class='ocrx_word' id='word_1_306' title='bbox 1285 4279 1336 4336; x_wconf 88' lang='lat' dir='ltr'>cst</span> 
     </span>
     <span class='ocr_line' id='line_1_39' title="bbox 174 4373 1334 4456; baseline 0.001 -18"><span class='ocrx_word' id='word_1_307' title='bbox 174 4375 245 4438; x_wconf 89' lang='lat' dir='ltr'>sive</span> <span class='ocrx_word' id='word_1_308' title='bbox 265 4375 339 4456; x_wconf 89' lang='lat' dir='ltr'>ipsa</span> <span class='ocrx_word' id='word_1_309' title='bbox 360 4374 465 4438; x_wconf 87' lang='lat' dir='ltr'>verba</span> <span class='ocrx_word' id='word_1_310' title='bbox 486 4373 645 4438; x_wconf 89' lang='lat' dir='ltr'>similiora</span> <span class='ocrx_word' id='word_1_311' title='bbox 665 4373 722 4436; x_wconf 89' lang='lat' dir='ltr'>vel</span> <span class='ocrx_word' id='word_1_312' title='bbox 749 4374 858 4436; x_wconf 79' lang='lat' dir='ltr'>nunus</span> <span class='ocrx_word' id='word_1_313' title='bbox 887 4374 1071 4455; x_wconf 87' lang='lat' dir='ltr'>depravata</span> <span class='ocrx_word' id='word_1_314' title='bbox 1098 4379 1176 4437; x_wconf 89' lang='lat' dir='ltr'>sunt</span> <span class='ocrx_word' id='word_1_315' title='bbox 1203 4409 1245 4420; x_wconf 87' lang='lat'>--</span> <span class='ocrx_word' id='word_1_316' title='bbox 1274 4375 1334 4439; x_wconf 89' lang='lat' dir='ltr'>sed</span> 
     </span>
     <span class='ocr_line' id='line_1_40' title="bbox 172 4476 1334 4561; baseline 0 -21"><span class='ocrx_word' id='word_1_317' title='bbox 172 4477 208 4540; x_wconf 93' lang='lat' dir='ltr'>id</span> <span class='ocrx_word' id='word_1_318' title='bbox 231 4495 367 4559; x_wconf 90' lang='lat' dir='ltr'>quoque</span> <span class='ocrx_word' id='word_1_319' title='bbox 390 4478 522 4560; x_wconf 86' lang='lat' dir='ltr'>egregie</span> <span class='ocrx_word' id='word_1_320' title='bbox 544 4495 599 4540; x_wconf 90' lang='lat' dir='ltr'>me</span> <span class='ocrx_word' id='word_1_321' title='bbox 622 4476 768 4558; x_wconf 88' lang='lat' dir='ltr'>adiuvat,</span> <span class='ocrx_word' id='word_1_322' title='bbox 791 4495 867 4539; x_wconf 92' lang='lat' dir='ltr'>cum</span> <span class='ocrx_word' id='word_1_323' title='bbox 891 4481 1022 4541; x_wconf 90' lang='lat' dir='ltr'>constet</span> <span class='ocrx_word' id='word_1_324' title='bbox 1041 4476 1197 4540; x_wconf 93' lang='lat' dir='ltr'>Photium</span> <span class='ocrx_word' id='word_1_325' title='bbox 1212 4478 1334 4561; x_wconf 87' lang='lat' dir='ltr'>Dioge·</span> 
     </span>
    </p>
   </div>
   <div class='ocr_carea' id='block_1_5' title="bbox 0 0 1594 5136">
    <p class='ocr_par' dir='ltr' id='par_1_6' title="bbox 0 0 1594 5136">
     <span class='ocr_line' id='line_1_41' title="bbox 0 0 1594 5136; baseline 0 2"><span class='ocrx_word' id='word_1_326' title='bbox 0 0 1594 5136; x_wconf 95' lang='lat' dir='ltr'> </span> 
     </span>
    </p>
   </div>
  </div>
 </body>
</html>
