<?xml version="1.0" encoding="UTF-8"?>
<!DOCTYPE html PUBLIC "-//W3C//DTD XHTML 1.0 Transitional//EN"
    "http://www.w3.org/TR/xhtml1/DTD/xhtml1-transitional.dtd">
<html xmlns="http://www.w3.org/1999/xhtml" xml:lang="en" lang="en">
 <head>
  <title>
</title>
<meta http-equiv="Content-Type" content="text/html;charset=utf-8" />
  <meta name='ocr-system' content='tesseract 3.04.00' />
  <meta name='ocr-capabilities' content='ocr_page ocr_carea ocr_par ocr_line ocrx_word'/>
</head>
<body>
  <div class='ocr_page' id='page_1' title='image "./deiuliipollucis00stojgoog_0015.png"; bbox 0 0 3194 5136; ppageno 0'>
   <div class='ocr_carea' id='block_1_1' title="bbox 776 378 795 440">
    <p class='ocr_par' dir='ltr' id='par_1_1' title="bbox 776 378 795 440">
     <span class='ocr_line' id='line_1_1' title="bbox 776 378 795 440; baseline 0 0"><span class='ocrx_word' id='word_1_1' title='bbox 776 378 795 440; x_wconf 88' lang='lat'><strong>6</strong></span> 
     </span>
    </p>
   </div>
   <div class='ocr_carea' id='block_1_2' title="bbox 709 471 862 480">
    <p class='ocr_par' dir='ltr' id='par_1_2' title="bbox 709 471 862 480">
     <span class='ocr_line' id='line_1_2' title="bbox 709 471 862 480; baseline 0.013 -2"><span class='ocrx_word' id='word_1_2' title='bbox 709 471 862 480; x_wconf 83' lang='lat'><em>-——·-·-—-</em></span> 
     </span>
    </p>
   </div>
   <div class='ocr_carea' id='block_1_3' title="bbox 201 584 1374 2003">
    <p class='ocr_par' dir='ltr' id='par_1_3' title="bbox 201 584 1374 2003">
     <span class='ocr_line' id='line_1_3' title="bbox 289 584 1372 669; baseline 0.002 -21"><span class='ocrx_word' id='word_1_3' title='bbox 289 585 419 669; x_wconf 71' lang='lat' dir='ltr'>Quibus</span> <span class='ocrx_word' id='word_1_4' title='bbox 444 588 604 669; x_wconf 88' lang='lat' dir='ltr'>expositis</span> <span class='ocrx_word' id='word_1_5' title='bbox 628 586 671 649; x_wconf 88' lang='lat' dir='ltr'>ed</span> <span class='ocrx_word' id='word_1_6' title='bbox 688 587 821 669; x_wconf 82' lang='lat' dir='ltr'>singule</span> <span class='ocrx_word' id='word_1_7' title='bbox 836 584 1048 650; x_wconf 79' lang='lat' dir='ltr'><strong>accedamus.</strong></span> <span class='ocrx_word' id='word_1_8' title='bbox 1078 587 1113 652; x_wconf 90' lang='lat' dir='ltr'>id</span> <span class='ocrx_word' id='word_1_9' title='bbox 1137 592 1267 651; x_wconf 88' lang='lat' dir='ltr'>tentum</span> <span class='ocrx_word' id='word_1_10' title='bbox 1281 605 1372 650; x_wconf 90' lang='lat' dir='ltr'>nunc</span> 
     </span>
     <span class='ocr_line' id='line_1_4' title="bbox 203 688 1371 772; baseline 0 -20"><span class='ocrx_word' id='word_1_11' title='bbox 203 689 343 772; x_wconf 79' lang='lat' dir='ltr'>addam,</span> <span class='ocrx_word' id='word_1_12' title='bbox 379 690 574 771; x_wconf 86' lang='lat' dir='ltr'>ubieunque</span> <span class='ocrx_word' id='word_1_13' title='bbox 610 689 803 772; x_wconf 87' lang='lat' dir='ltr'>simpliciter</span> <span class='ocrx_word' id='word_1_14' title='bbox 829 688 1005 751; x_wconf 79' lang='lat' dir='ltr'>Pollucem</span> <span class='ocrx_word' id='word_1_15' title='bbox 1033 691 1189 771; x_wconf 78' lang='lat' dir='ltr'>nomino,</span> <span class='ocrx_word' id='word_1_16' title='bbox 1223 708 1269 753; x_wconf 90' lang='lat' dir='ltr'>ne</span> <span class='ocrx_word' id='word_1_17' title='bbox 1297 691 1371 771; x_wconf 90' lang='lat' dir='ltr'>quis</span> 
     </span>
     <span class='ocr_line' id='line_1_5' title="bbox 204 792 1370 875; baseline 0 -21"><span class='ocrx_word' id='word_1_18' title='bbox 204 793 329 874; x_wconf 84' lang='lat' dir='ltr'>credet,</span> <span class='ocrx_word' id='word_1_19' title='bbox 358 793 405 855; x_wconf 85' lang='lat' dir='ltr'>ibi</span> <span class='ocrx_word' id='word_1_20' title='bbox 433 812 489 855; x_wconf 88' lang='lat' dir='ltr'>me</span> <span class='ocrx_word' id='word_1_21' title='bbox 519 810 653 874; x_wconf 77' lang='lat' dir='ltr'>semper</span> <span class='ocrx_word' id='word_1_22' title='bbox 680 794 791 874; x_wconf 87' lang='lat' dir='ltr'>ipsum</span> <span class='ocrx_word' id='word_1_23' title='bbox 819 793 909 854; x_wconf 90' lang='lat' dir='ltr'>hunc</span> <span class='ocrx_word' id='word_1_24' title='bbox 939 792 1136 873; x_wconf 82' lang='lat' dir='ltr'>scriptorem</span> <span class='ocrx_word' id='word_1_25' title='bbox 1165 793 1370 875; x_wconf 78' lang='lat' dir='ltr'>intellegere.</span> 
     </span>
     <span class='ocr_line' id='line_1_6' title="bbox 203 879 1372 977; baseline 0.001 -20"><span class='ocrx_word' id='word_1_26' title='bbox 203 896 376 959; x_wconf 83' lang='lat' dir='ltr'>brevitetis</span> <span class='ocrx_word' id='word_1_27' title='bbox 407 879 519 958; x_wconf 81' lang='lat' dir='ltr'>cause</span> <span class='ocrx_word' id='word_1_28' title='bbox 532 894 626 958; x_wconf 90' lang='lat' dir='ltr'>nolui</span> <span class='ocrx_word' id='word_1_29' title='bbox 654 893 839 957; x_wconf 85' lang='lat' dir='ltr'>identidem</span> <span class='ocrx_word' id='word_1_30' title='bbox 869 898 1023 976; x_wconf 86' lang='lat' dir='ltr'>repetere</span> <span class='ocrx_word' id='word_1_31' title='bbox 1052 896 1194 977; x_wconf 83' lang='lat' dir='ltr'>„Pollux</span> <span class='ocrx_word' id='word_1_32' title='bbox 1222 895 1278 958; x_wconf 85' lang='lat' dir='ltr'>vel</span> <span class='ocrx_word' id='word_1_33' title='bbox 1300 896 1372 958; x_wconf 90' lang='lat' dir='ltr'>cius</span> 
     </span>
     <span class='ocr_line' id='line_1_7' title="bbox 204 996 1372 1080; baseline 0 -20"><span class='ocrx_word' id='word_1_34' title='bbox 204 998 341 1060; x_wconf 71' lang='lat' dir='ltr'>auctor&lt;</span> <span class='ocrx_word' id='word_1_35' title='bbox 367 1003 424 1059; x_wconf 89' lang='lat' dir='ltr'>eut</span> <span class='ocrx_word' id='word_1_36' title='bbox 448 998 549 1059; x_wconf 86' lang='lat' dir='ltr'>etiem</span> <span class='ocrx_word' id='word_1_37' title='bbox 573 997 717 1080; x_wconf 78' lang='lat' dir='ltr'>„Pollux</span> <span class='ocrx_word' id='word_1_38' title='bbox 739 997 794 1058; x_wconf 83' lang='lat' dir='ltr'>vel</span> <span class='ocrx_word' id='word_1_39' title='bbox 818 997 889 1058; x_wconf 90' lang='lat' dir='ltr'>eius</span> <span class='ocrx_word' id='word_1_40' title='bbox 905 1000 1023 1060; x_wconf 79' lang='lat' dir='ltr'>auctor</span> <span class='ocrx_word' id='word_1_41' title='bbox 1044 996 1098 1059; x_wconf 81' lang='lat' dir='ltr'>vel</span> <span class='ocrx_word' id='word_1_42' title='bbox 1114 998 1213 1060; x_wconf 88' lang='lat' dir='ltr'>huius</span> <span class='ocrx_word' id='word_1_43' title='bbox 1236 996 1372 1060; x_wconf 87' lang='lat' dir='ltr'>demum</span> 
     </span>
     <span class='ocr_line' id='line_1_8' title="bbox 202 1099 1373 1182; baseline -0.001 -19"><span class='ocrx_word' id='word_1_44' title='bbox 202 1101 309 1164; x_wconf 85' lang='lat' dir='ltr'>fons“.</span> <span class='ocrx_word' id='word_1_45' title='bbox 360 1120 439 1162; x_wconf 88' lang='lat' dir='ltr'>nem</span> <span class='ocrx_word' id='word_1_46' title='bbox 467 1101 515 1163; x_wconf 85' lang='lat' dir='ltr'>ite</span> <span class='ocrx_word' id='word_1_47' title='bbox 551 1117 687 1181; x_wconf 90' lang='lat' dir='ltr'>quoque</span> <span class='ocrx_word' id='word_1_48' title='bbox 720 1099 889 1162; x_wconf 89' lang='lat' dir='ltr'>interdum</span> <span class='ocrx_word' id='word_1_49' title='bbox 923 1117 977 1162; x_wconf 91' lang='lat' dir='ltr'>res</span> <span class='ocrx_word' id='word_1_50' title='bbox 1007 1104 1058 1162; x_wconf 88' lang='lat' dir='ltr'>est</span> <span class='ocrx_word' id='word_1_51' title='bbox 1093 1104 1302 1182; x_wconf 81' lang='lat' dir='ltr'>comparate,</span> <span class='ocrx_word' id='word_1_52' title='bbox 1335 1104 1373 1162; x_wconf 90' lang='lat' dir='ltr'>ut</span> 
     </span>
     <span class='ocr_line' id='line_1_9' title="bbox 203 1203 1374 1284; baseline -0.001 -19"><span class='ocrx_word' id='word_1_53' title='bbox 203 1204 367 1265; x_wconf 84' lang='lat' dir='ltr'>Polluces</span> <span class='ocrx_word' id='word_1_54' title='bbox 395 1204 452 1264; x_wconf 86' lang='lat' dir='ltr'>vix</span> <span class='ocrx_word' id='word_1_55' title='bbox 481 1203 577 1264; x_wconf 82' lang='lat' dir='ltr'>aliter</span> <span class='ocrx_word' id='word_1_56' title='bbox 613 1206 716 1283; x_wconf 87' lang='lat' dir='ltr'>etque</span> <span class='ocrx_word' id='word_1_57' title='bbox 751 1203 932 1264; x_wconf 87' lang='lat' dir='ltr'>coniuncte</span> <span class='ocrx_word' id='word_1_58' title='bbox 966 1203 1187 1283; x_wconf 91' lang='lat' dir='ltr'>complurium</span> <span class='ocrx_word' id='word_1_59' title='bbox 1223 1220 1326 1284; x_wconf 85' lang='lat' dir='ltr'>opere</span> <span class='ocrx_word' id='word_1_60' title='bbox 1355 1220 1374 1264; x_wconf 89' lang='lat' dir='ltr'>c</span> 
     </span>
     <span class='ocr_line' id='line_1_10' title="bbox 204 1304 1373 1386; baseline 0.002 -20"><span class='ocrx_word' id='word_1_61' title='bbox 204 1307 344 1367; x_wconf 86' lang='lat' dir='ltr'>vetustis</span> <span class='ocrx_word' id='word_1_62' title='bbox 368 1305 584 1386; x_wconf 85' lang='lat' dir='ltr'>scriptoribus</span> <span class='ocrx_word' id='word_1_63' title='bbox 609 1304 785 1386; x_wconf 80' lang='lat' dir='ltr'>depravari</span> <span class='ocrx_word' id='word_1_64' title='bbox 807 1306 958 1385; x_wconf 87' lang='lat' dir='ltr'>potuisse</span> <span class='ocrx_word' id='word_1_65' title='bbox 979 1304 1165 1368; x_wconf 86' lang='lat' dir='ltr'>videantur.</span> <span class='ocrx_word' id='word_1_66' title='bbox 1211 1304 1271 1368; x_wconf 90' lang='lat' dir='ltr'>sed</span> <span class='ocrx_word' id='word_1_67' title='bbox 1294 1307 1373 1386; x_wconf 86' lang='lat' dir='ltr'>quie</span> 
     </span>
     <span class='ocr_line' id='line_1_11' title="bbox 201 1407 1371 1490; baseline 0.002 -20"><span class='ocrx_word' id='word_1_68' title='bbox 201 1409 226 1470; x_wconf 88' lang='lat' dir='ltr'>ii</span> <span class='ocrx_word' id='word_1_69' title='bbox 247 1409 428 1490; x_wconf 78' lang='lat' dir='ltr'>perierunt,</span> <span class='ocrx_word' id='word_1_70' title='bbox 453 1409 510 1489; x_wconf 91' lang='lat' dir='ltr'>qui</span> <span class='ocrx_word' id='word_1_71' title='bbox 531 1407 634 1470; x_wconf 89' lang='lat' dir='ltr'>medii</span> <span class='ocrx_word' id='word_1_72' title='bbox 655 1408 742 1470; x_wconf 86' lang='lat' dir='ltr'>inter</span> <span class='ocrx_word' id='word_1_73' title='bbox 762 1409 865 1489; x_wconf 86' lang='lat' dir='ltr'>ipsos,</span> <span class='ocrx_word' id='word_1_74' title='bbox 896 1425 980 1489; x_wconf 90' lang='lat' dir='ltr'>quos</span> <span class='ocrx_word' id='word_1_75' title='bbox 997 1409 1188 1490; x_wconf 79' lang='lat' dir='ltr'>exscripsit,</span> <span class='ocrx_word' id='word_1_76' title='bbox 1217 1410 1371 1478; x_wconf 79' lang='lat' dir='ltr'>auctores</span> 
     </span>
     <span class='ocr_line' id='line_1_12' title="bbox 206 1509 1370 1592; baseline 0 -20"><span class='ocrx_word' id='word_1_77' title='bbox 206 1515 239 1572; x_wconf 89' lang='lat' dir='ltr'>et</span> <span class='ocrx_word' id='word_1_78' title='bbox 252 1510 428 1573; x_wconf 89' lang='lat' dir='ltr'>Pollucem</span> <span class='ocrx_word' id='word_1_79' title='bbox 451 1511 709 1592; x_wconf 81' lang='lat' dir='ltr'>intercesserint,</span> <span class='ocrx_word' id='word_1_80' title='bbox 734 1509 815 1592; x_wconf 91' lang='lat' dir='ltr'>quid</span> <span class='ocrx_word' id='word_1_81' title='bbox 831 1510 975 1592; x_wconf 83' lang='lat' dir='ltr'>quisque</span> <span class='ocrx_word' id='word_1_82' title='bbox 991 1511 1204 1592; x_wconf 78' lang='lat' dir='ltr'>commiserit,</span> <span class='ocrx_word' id='word_1_83' title='bbox 1227 1511 1370 1592; x_wconf 82' lang='lat' dir='ltr'>plerum·</span> 
     </span>
     <span class='ocr_line' id='line_1_13' title="bbox 205 1611 1372 1694; baseline 0 -20"><span class='ocrx_word' id='word_1_84' title='bbox 205 1631 271 1694; x_wconf 88' lang='lat' dir='ltr'>quc</span> <span class='ocrx_word' id='word_1_85' title='bbox 295 1613 482 1676; x_wconf 79' lang='lat' dir='ltr'>accuratius</span> <span class='ocrx_word' id='word_1_86' title='bbox 506 1612 637 1675; x_wconf 90' lang='lat' dir='ltr'>definiri</span> <span class='ocrx_word' id='word_1_87' title='bbox 659 1612 785 1693; x_wconf 88' lang='lat' dir='ltr'>nequit.</span> <span class='ocrx_word' id='word_1_88' title='bbox 831 1630 944 1692; x_wconf 89' lang='lat' dir='ltr'>neque</span> <span class='ocrx_word' id='word_1_89' title='bbox 966 1611 1050 1675; x_wconf 92' lang='lat' dir='ltr'>illud</span> <span class='ocrx_word' id='word_1_90' title='bbox 1072 1613 1126 1675; x_wconf 91' lang='lat' dir='ltr'>hic</span> <span class='ocrx_word' id='word_1_91' title='bbox 1150 1612 1372 1676; x_wconf 89' lang='lat' dir='ltr'>omittendum</span> 
     </span>
     <span class='ocr_line' id='line_1_14' title="bbox 202 1715 1372 1798; baseline 0.001 -21"><span class='ocrx_word' id='word_1_92' title='bbox 202 1720 297 1798; x_wconf 83' lang='lat' dir='ltr'>puto,</span> <span class='ocrx_word' id='word_1_93' title='bbox 322 1715 414 1798; x_wconf 90' lang='lat' dir='ltr'>quod</span> <span class='ocrx_word' id='word_1_94' title='bbox 438 1734 496 1778; x_wconf 88' lang='lat' dir='ltr'>eos</span> <span class='ocrx_word' id='word_1_95' title='bbox 519 1715 836 1797; x_wconf 80' lang='lat' dir='ltr'>lexicographorum</span> <span class='ocrx_word' id='word_1_96' title='bbox 858 1715 954 1779; x_wconf 90' lang='lat' dir='ltr'>locos</span> <span class='ocrx_word' id='word_1_97' title='bbox 970 1733 1236 1779; x_wconf 77' lang='lat' dir='ltr'>commemorare</span> <span class='ocrx_word' id='word_1_98' title='bbox 1259 1733 1372 1797; x_wconf 90' lang='lat' dir='ltr'>super·</span> 
     </span>
     <span class='ocr_line' id='line_1_15' title="bbox 204 1816 1372 1902; baseline 0.001 -21"><span class='ocrx_word' id='word_1_99' title='bbox 204 1819 286 1902; x_wconf 84' lang='lat' dir='ltr'>sedi,</span> <span class='ocrx_word' id='word_1_100' title='bbox 311 1838 395 1900; x_wconf 88' lang='lat' dir='ltr'>quos</span> <span class='ocrx_word' id='word_1_101' title='bbox 419 1836 462 1880; x_wconf 90' lang='lat' dir='ltr'>ex</span> <span class='ocrx_word' id='word_1_102' title='bbox 485 1817 677 1881; x_wconf 77' lang='lat' dir='ltr'>auctoribus</span> <span class='ocrx_word' id='word_1_103' title='bbox 701 1816 745 1878; x_wconf 85' lang='lat' dir='ltr'>ed</span> <span class='ocrx_word' id='word_1_104' title='bbox 766 1821 916 1880; x_wconf 83' lang='lat' dir='ltr'>nostram</span> <span class='ocrx_word' id='word_1_105' title='bbox 932 1835 1041 1902; x_wconf 91' lang='lat' dir='ltr'>usquc</span> <span class='ocrx_word' id='word_1_106' title='bbox 1064 1822 1210 1882; x_wconf 85' lang='lat' dir='ltr'>estatem</span> <span class='ocrx_word' id='word_1_107' title='bbox 1233 1821 1372 1882; x_wconf 84' lang='lat' dir='ltr'>servetis</span> 
     </span>
     <span class='ocr_line' id='line_1_16' title="bbox 206 1921 901 2003; baseline -0.003 -19"><span class='ocrx_word' id='word_1_108' title='bbox 206 1921 391 2003; x_wconf 88' lang='lat' dir='ltr'>descriptos</span> <span class='ocrx_word' id='word_1_109' title='bbox 415 1940 494 1984; x_wconf 89' lang='lat' dir='ltr'>esse</span> <span class='ocrx_word' id='word_1_110' title='bbox 510 1922 597 1984; x_wconf 88' lang='lat' dir='ltr'>inter</span> <span class='ocrx_word' id='word_1_111' title='bbox 621 1938 737 1984; x_wconf 90' lang='lat' dir='ltr'>omnes</span> <span class='ocrx_word' id='word_1_112' title='bbox 762 1924 901 1983; x_wconf 86' lang='lat' dir='ltr'>constet.</span> 
     </span>
    </p>
   </div>
   <div class='ocr_carea' id='block_1_4' title="bbox 0 0 1602 5136">
    <p class='ocr_par' dir='ltr' id='par_1_4' title="bbox 0 0 1602 5136">
     <span class='ocr_line' id='line_1_17' title="bbox 0 0 1602 5136; baseline 0 0"><span class='ocrx_word' id='word_1_113' title='bbox 0 0 1602 5136; x_wconf 95' lang='lat' dir='ltr'> </span> 
     </span>
    </p>
   </div>
  </div>
 </body>
</html>
