3194 5136
732 304 883 403 Α

227 517 327 598 igitur
358 510 555 596 Philippi⁴⁷J
591 523 659 576 una
692 533 766 576 cmn
795 513 935 576 Polluce
968 514 1101 576 nescius
1137 513 1236 574 etiam
1263 510 1388 574 Aristo-

228 620 330 682 telem
358 623 396 681 ut
423 637 547 700 parum
565 620 758 680 accuratum
787 620 820 680 et
850 621 1015 680 errantem
1042 615 1243 698 vituperavit
1270 615 1304 675 in
1332 613 1391 675 tali

228 741 274 785 re.
319 721 486 784 simillima
513 721 643 807 ratione
670 719 886 783 Aristotelem
916 721 1017 785 etiam
1045 719 1125 782 alibi
1157 718 1242 798 (scil.
1263 717 1323 780 ubi
1348 716 1391 779 de

230 825 355 888 Solone
384 823 518 905 agebat)
555 822 753 886 demarchos
788 823 958 886 naucraris
993 827 1026 886 et
1059 821 1175 885 demas
1209 819 1391 885 naucrariis

231 928 428 1008 opposuisse
450 925 607 989 discimus
631 943 650 987 c
670 925 802 1008 Photis,
817 943 927 1007 quem
948 926 1072 1008 locum,
1096 944 1172 988 cum
1193 925 1278 986 infra
1299 921 1392 985 iden-

231 1029 333 1092 tidem
367 1029 410 1091 ad
444 1046 521 1091 eum
553 1027 719 1092 rediturus
753 1029 824 1110 sim,
862 1031 970 1090 totum
1008 1029 1155 1096 ascribo:
1193 1029 1391 1108 ναυκραρίαε

230 1129 266 1193 τὸ
295 1129 456 1212 πρότερον
484 1125 586 1205 οὕτως
615 1128 754 1192 ἐκάλουν
787 1133 969 1216 ναυκραρία
1007 1131 1062 1192 καὶ
1090 1128 1287 1212 ναυκραρος·
1319 1150 1393 1191 ναυ-

231 1236 351 1317 κραρία
372 1237 433 1312 μὲν
456 1229 572 1295 ὁποῖόν
599 1254 630 1294 τι
652 1227 671 1316 ἡ
697 1235 861 1314 συμμορία
884 1235 938 1294 καὶ
967 1228 984 1294 ὂ
1011 1231 1123 1314 δῆμος·
1154 1229 1336 1316 ναύκραρος
1360 1230 1394 1293 δὲ

232 1331 348 1400 ὁποῖόν
376 1356 407 1398 τι
437 1331 454 1398 ὃ
485 1333 661 1420 δήμαρχος,
690 1333 841 1409 Σόλωνος
871 1329 972 1410 οὕτως
995 1331 1237 1416 ὀνομάσαντος·
1269 1328 1311 1408 ὥς
1339 1335 1394 1396 καὶ

230 1439 504 1523 Ἀριστοτέλης
528 1442 621 1522 φησί·
637 1483 750 1504 ......
772 1432 959 1523 ὕστερονδὲ
976 1435 1042 1502 ἀπὸ
1060 1437 1281 1511 Κλεισθένους
1300 1435 1396 1520 δῆμοι

232 1541 390 1605 εἰσινκαὶ
414 1540 572 1626 δήμαρχοι
600 1540 804 1625 ἐκλήθησαν·
834 1542 869 1603 ἐκ
899 1543 953 1624 τῆς
975 1537 1275 1622 Ἀριστοτέλους
1304 1537 1394 1602 πολι-

232 1649 330 1728 τείας,
353 1641 391 1708 ὃν
413 1644 537 1727 τρόπον
560 1643 684 1719 διέταξε
712 1639 771 1727 τὴν
799 1641 897 1707 πόλιν
926 1638 942 1706 ὃ
967 1642 1094 1706 Σόλων·
1123 1642 1226 1726 φυλαὶ
1255 1642 1289 1705 δὲ
1310 1631 1395 1727 ἦσαν

232 1753 387 1832 τέσσαρες
410 1749 568 1831 καθάπερ
593 1745 754 1830 πρότερον
776 1748 831 1809 καὶ
853 1745 1084 1830 φυλοβασιλεῖς
1107 1752 1276 1829 τέσσαρες·
1301 1747 1336 1808 ἐκ
1361 1745 1395 1808 δὲ

232 1855 287 1935 τῆς
309 1849 412 1934 φυλῆς
435 1847 571 1933 ἑκάστης
599 1839 684 1933 ἦσαν
712 1857 926 1933 νενεμημένοι
947 1848 1092 1930 τριττύες
1114 1853 1174 1930 μὲν
1197 1855 1298 1932 τρεῖς,
1321 1871 1395 1911 ναυ-

233 1957 366 2039 κραρίαι
402 1953 436 2016 δὲ
465 1951 589 2015 δώδεκα
623 1949 706 2014 καθ’
741 1950 895 2036 ἑκάστην
933 1946 949 2015 ὃ
981 1951 1155 2034 Κλείδημος
1190 1950 1224 2013 δὲ
1252 1977 1279 2012 κ.
1308 1974 1336 2013 τ.
1366 1951 1395 2018 λ.

233 2057 448 2120 nihilominus
460 2057 617 2119 Photium
628 2057 750 2139 probat
760 2057 914 2138 Philippi,
934 2056 1147 2119 scholiastam
1164 2054 1396 2137 Aristophanis

235 2162 416 2242 vituperat3
434 2178 639 2242 quamquam
650 2159 775 2241 aliquid
789 2159 986 2222 discriminis
1000 2178 1074 2223 esse
1088 2157 1244 2242 equidem
1259 2161 1397 2222 rninime

234 2281 332 2346 nego,
379 2262 549 2344 quomodo
577 2264 677 2345 igitur
705 2263 904 2325 Aristoteles
933 2263 1000 2324 illa
1021 2262 1133 2326 dicere
1154 2262 1285 2344 potuit?
1315 2262 1400 2327 dixit

235 2367 307 2428 sine
330 2365 399 2427 ulla
422 2351 642 2447 dubitatione,
666 2363 817 2428 sednon
841 2369 909 2428 tam
932 2365 1010 2448 late,
1035 2384 1136 2448 quam
1158 2383 1248 2427 nunc
1269 2365 1398 2427 intelle·
1458 2369 1466 2374 ”

236 2486 315 2551 gere
338 2468 510 2549 debemus,
533 2472 649 2549 patere
674 2469 790 2550 voluit,
813 2468 872 2531 sed
897 2468 1034 2551 addidit,
1069 2466 1189 2551 quibus
1213 2469 1400 2530 accuratius

235 2589 307 2634 rem
331 2573 516 2652 exponeret
539 2573 572 2632 et
592 2569 652 2632 illa
667 2570 829 2634 definiret.
862 2576 952 2633 certe
975 2572 1003 2632 si
1018 2571 1216 2634 demarchos
1238 2570 1400 2658 pleraque

236 2691 476 2736 naucrarorum
499 2672 610 2734 officia
626 2692 646 2734 a
662 2671 833 2736 Clistheue
857 2674 1027 2755 accepisse
1043 2691 1160 2737 omnes
1177 2675 1399 2754 consentiunt,

235 2776 354 2839 iisdem
378 2777 477 2838 etiam
508 2776 763 2839 concedendum
793 2781 843 2839 est
870 2778 1121 2839 naucrariarum
1150 2795 1203 2839 res
1233 2781 1266 2838 et
1289 2774 1400 2838 condiu

238 2882 379 2962 cionem,
404 2878 447 2942 ad
470 2898 552 2961 quas
575 2878 634 2941 illa
649 2879 759 2942 officia
774 2879 997 2960 pertinebant,
1022 2879 1065 2942 ad
1081 2879 1198 2942 demos
1221 2881 1400 2942 transiisse.

238 2983 359 3065 quibus
380 2983 414 3044 in
436 2982 538 3044 rebus
569 2982 740 3045 demarchi
767 2983 800 3045 in
830 3001 1069 3046 naucrarorum
1096 2984 1207 3046 locum
1238 3001 1306 3046 non
1329 3000 1400 3045 suc-

239 3087 425 3167 cessissent,
447 3085 482 3146 in
506 3085 626 3166 quibus
649 3083 738 3147 demi
752 3103 822 3148 non
838 3087 1077 3149 successissent
1091 3087 1126 3148 in
1140 3087 1401 3168 naucrariarum,

237 3188 434 3252 Aristoteles
454 3187 605 3251 debebat
633 3186 759 3250 addere
788 3191 821 3250 et
847 3187 974 3250 addidit
998 3192 1096 3251 certe.
1143 3208 1229 3272 quae
1252 3191 1280 3252 si
1300 3189 1403 3252 hodie

237 3309 405 3372 nusquam
426 3291 592 3372 leguntur,
617 3307 658 3352 ea
671 3308 741 3352 non
757 3293 808 3352 est
821 3290 969 3353 Pollucis
986 3292 1095 3375 culpa,
1118 3311 1186 3356 non
1202 3294 1402 3356 scholiastae

239 3393 846 3478 Aristophanis,n0nHarpocrationis,
855 3395 916 3458 sed
929 3397 1098 3458 communi
1110 3397 1402 3477 auctoriPollucis‚

307 3649 346 3717 ⁴¹)
381 3649 509 3714 Beitritge
529 3654 578 3703 etc.
597 3666 624 3717 p.
646 3649 693 3702 155
712 3656 769 3702 not.
790 3649 829 3702 15.
865 3649 939 3702 male
958 3652 1031 3702 enim
1050 3650 1216 3703 scholiastae
1238 3652 1279 3716 (et
1296 3651 1402 3720 Harpo-

238 3739 383 3803 crationis)
403 3736 488 3788 verba
505 3733 550 3787 aul
568 3732 619 3803 γὰρ
637 3729 701 3797 τούς
719 3729 820 3803 δήμους
838 3729 898 3787 ἀντὶ
909 3736 1082 3803 ναυκραριοῑυ
1099 3732 1228 3804 ἐποίησεν,
1247 3753 1318 3807 quae
1336 3753 1403 3790 suae

238 3826 390 3878 sententiae
414 3822 526 3875 obstare
549 3822 718 3891 viderentur,
741 3838 757 3874 a
779 3822 1010 3891 praecedentibus
1028 3825 1150 3893 ideoque
1174 3827 1257 3877 etiam
1281 3825 1315 3877 ab
1339 3824 1402 3876 Ari-

238 3911 346 3963 stotelis
355 3912 468 3962 nomine
479 3911 609 3962 seiunxit.
628 3909 760 3978 Philippii
770 3911 1011 3963 ratiocinationem
1021 3913 1100 3964 reicit
1113 3913 1195 3964 etiam
1207 3910 1280 3966 Guil.
1290 3909 1403 3964 Oncken

238 3999 304 4064 (Die
326 3996 493 4050 Stsatslehre
518 3996 565 4060 des
588 3995 764 4065 Aristoteles,
788 3995 813 4050 2.
836 3997 930 4050 Halfte
953 3997 1068 4068 Leipzig
1092 3997 1158 4054 1875
1182 4015 1209 4068 p.
1228 3998 1279 4052 457
1302 4002 1359 4052 not.
1380 3999 1403 4068 l,

240 4087 288 4154 qui
305 4085 378 4138 liber
396 4084 508 4138 demum
532 4083 668 4152 opusculo
694 4098 758 4135 meo
783 4083 818 4136 ad
840 4085 1004 4138 umbilicum
1028 4085 1146 4138 adducto
1171 4086 1273 4139 adme
1296 4085 1403 4138 delatus

240 4174 303 4241 est),
323 4186 492 4240 quamquam
509 4172 597 4239 ipsius
618 4170 652 4221 de
665 4169 830 4223 Aristotelio
843 4172 1003 4224 testimonio
1017 4174 1182 4225 senteutiam
1193 4159 1290 4226 miuus,
1305 4172 1404 4241 probo.

239 4258 387 4310 arbitratur
405 4258 478 4308 enim
496 4255 679 4308 Aristotelem
697 4271 794 4308 revera
812 4260 952 4310 censuisse
970 4274 986 4311 a
1005 4255 1146 4311 Clistheue
1164 4261 1320 4311 naucrarias
1339 4258 1403 4310 sub·
1424 4271 1431 4286 ⁸

238 4346 308 4398 latas
328 4359 389 4397 esse
409 4349 435 4395 et
453 4345 482 4395 in
502 4359 596 4396 earum
614 4342 709 4394 locum
722 4343 818 4397 demos
837 4346 1001 4397 successisse
1014 4360 1105 4413 neque
1123 4347 1162 4396 ita
1173 4361 1304 4414 magnam
1321 4343 1405 4397 fidem

240 4430 358 4484 Clidemi
379 4431 540 4483 testimonio
559 4445 576 4481 a
593 4428 694 4482 Photio
712 4431 742 4480 in
761 4431 815 4482 fine
833 4449 857 4484 v.
876 4429 1028 4500 ναυτραρλα
1047 4435 1155 4483 servato
1175 4431 1272 4484 haberi
1289 4431 1357 4484 vult.
