3194 5136
803 373 845 436 38

753 465 904 473 ——--=

248 603 322 648 esse
345 588 397 664 (01
418 587 452 648 10
474 581 585 648 κοινὸν
607 585 662 646 vel
678 582 877 667 φρατερικὸν
891 589 1113 664 γραμματεῖον
1134 583 1408 661 inscriberentur)

248 687 415 769 simulque
429 693 523 768 μεῖον
538 688 701 770 oblatum,
717 688 790 768 1000
807 687 979 750 cureotide
993 689 1105 767 patres
1120 689 1295 768 praeterea
1311 687 1411 748 etiam

248 789 429 854 adultiores
451 793 486 853 in
508 791 671 873 phratrias
696 788 842 872 duxisse,
866 788 927 853 sed
949 807 1018 852 non
1039 793 1077 851 ut
1104 790 1226 852 iterum
1253 789 1410 852 inscribe-

247 898 371 976 rentur,
394 913 511 957 verum
533 893 744 976 phrateribus
768 896 1017 957 ostentarentur
1036 896 1069 954 et
1088 891 1411 973 commendarentur,

251 1015 397 1079 quocum
418 999 559 1061 fortasse
583 999 684 1060 etiam
707 997 773 1059 0110
797 997 978 1059 coniuncta
1001 997 1150 1077 10100001,
1174 996 1273 1058 simul
1296 1013 1412 1058 eorum

251 1101 389 1182 capillos
413 1105 527 1164 tonsos
552 1099 658 1180 (unde
679 1100 736 1163 1110
759 1099 830 1164 dies
845 1117 971 1162 nomen
993 1100 1192 1180 accepisset)
1218 1096 1414 1178 01κούρειον

252 1205 474 1266 sacrificatum
497 1199 633 1282 esse.⁴⁴)
680 1201 772 1284 quod
794 1204 822 1265 si
843 1221 961 1264 verum
984 1206 1043 1284 001,
1067 1220 1169 1283 quam
1191 1203 1324 1284 egregie
1337 1200 1412 1263 Pol-

248 1307 361 1370 lucem
376 1310 518 1388 tueatur,
543 1301 712 1384 elucet.⁴⁶)
749 1305 810 1368 sed
826 1309 997 1386 postrema
1012 1305 1110 1367 huius
1127 1304 1294 1386 scriptoris
1309 1303 1414 1366 verba

250 1427 327 1471 cum
348 1410 473 1472 Meiero
499 1413 532 1471 01
554 1409 712 1472 Schaefer
735 1411 768 1470 et
790 1408 977 1470 Mommsen
1008 1407 1044 1487 (1.
1069 1408 1092 1470 1.
1115 1428 1146 1489 p.
1172 1405 1248 1485 334)
1271 1406 1415 1468 0110100

249 1514 446 1575 reiecerunt.
491 1516 593 1594 atque
615 1512 668 1574 hic
693 1509 829 1594 quidem
850 1511 998 1573 Pollucis
1029 1528 1174 1573 errorem
1202 1509 1282 1573 inde
1305 1514 1415 1572 ortum

251 1633 325 1678 esse
352 1616 433 1698 vult,
469 1614 560 1699 quod
589 1619 626 1677 ut
653 1614 822 1697 Apaturiis
852 1614 1006 1695 infantes,
1040 1614 1087 1677 sic
1117 1613 1275 1677 Gameliis
1304 1630 1415 1676 novae

250 1723 376 1801 nuptae
397 1721 433 1781 in
455 1719 619 1801 phratrias
641 1717 800 1781 inductae
823 1718 898 1799 sint,
921 1718 1036 1799 itaque
1058 1717 1227 1779 rhetorem
1248 1717 1314 1778 hoc
1338 1735 1415 1780 cum

249 1823 307 1885 1110
332 1821 531 1886 confudisse.
578 1840 645 1903 qua
672 1823 708 1883 in
731 1839 769 1883 re
799 1822 830 1883 01
858 1822 1011 1883 assentiri
1039 1839 1108 1883 non
1136 1838 1283 1902 possum.
1329 1819 1414 1881 desi-

251 1925 385 1988 deratur
415 1944 497 1989 sane
527 1924 571 1988 ad
603 1921 764 2008 γαμηλίαν
799 1924 890 1986 aliud
919 1925 1106 1988 subiectum
1133 1928 1234 2005 atque
1268 1922 1312 1986 ad
1344 1920 1415 1984 κού-

251 2050 339 2110 ρειον
366 2029 451 2108 (0011.
474 2028 610 2110 marit'l,
645 2027 706 2090 sed
735 2027 982 2090 animadvertas
1012 2047 1032 2089 0
1059 2027 1199 2089 Polluce
1233 2030 1303 2089 toto
1338 2026 1419 2112 loco

251 2133 439 2196 subiectum
462 2132 648 2194 accuratius
676 2147 745 2192 000
774 2128 912 2194 deliniri.
958 2129 1165 2193 desideratur
1188 2127 1310 2192 deinde
1331 2130 1418 2191 inter

251 2241 431 2318 utrumque
475 2234 638 2298 enuntiati
687 2233 876 2297 membrum
919 2233 1003 2296 01100
1047 2232 1113 2295 (1101
1153 2234 1290 2295 mentio.
1348 2234 1417 2294 iam

253 2357 330 2400 cum
352 2339 469 2400 vitium
490 2355 560 2400 000
584 2338 648 2399 0101
672 2355 713 2398 00
734 2355 772 2399 00
795 2337 1014 2419 contineatur,
1039 2335 1130 2417 quod
1154 2336 1321 2418 quaedam
1342 2354 1415 2418 per-

252 2459 369 2522 peram
391 2440 527 2503 desunt:
551 2441 579 2502 si
602 2440 850 2502 meminerimus
873 2439 1048 2502 Pollucem
1069 2439 1268 2521 plerumque
1290 2441 1418 2502 fontem

253 2563 351 2606 suum
378 2544 484 2626 magis
520 2560 702 2624 excerpere
734 2562 833 2624 quam
872 2542 1078 2624 describere,
1113 2544 1214 2605 etiam
1241 2543 1307 2604 hoc
1338 2542 1416 2604 loco

253 2647 350 2710 facile
364 2651 559 2710 'statuemus
583 2665 661 2708 eum
685 2647 866 2730 complura,
891 2665 978 2729 quae
993 2647 1094 2729 plane
1109 2647 1299 2709 necessaria
1322 2650 1417 2708 erant

254 2749 299 2840 ad
324 2750 429 2813 verba
456 2754 547 2812 recte
574 2750 819 2832 intellegenda,
857 2751 1008 2813 omisisse
1043 2754 1283 2830 auctoremque
1318 2768 1415 2811 suum

253 2854 367 2934 100010
386 2855 613 2916 contraxisse.
659 2855 847 2935 posteriora
874 2855 974 2936 igitur
1001 2855 1153 2935 minime,
1182 2856 1219 2914 ut
1246 2853 1417 2934 plerisque

253 2956 445 3038 videbatur,
481 2975 522 3018 ea
550 2960 642 3037 sunt,
678 2957 721 3019 ob
758 2975 859 3038 quae·
874 2956 1039 3037 prioribus
1074 2955 1176 3018 fidem
1205 2955 1416 3036 abrogemus.

255 3062 404 3121 ceterum
425 3060 491 3121 hoc
515 3059 743 3121 testimonium
758 3059 906 3121 Pollucis
921 3060 1092 3141 peculiare
1116 3063 1169 3137 est
1180 3076 1292 3140 neque
1314 3058 1418 3121 habet

255 3161 345 3242 apud
366 3161 515 3243 reliquos
538 3163 772 3242 grammaticos
794 3161 902 3223 ullum
925 3163 976 3224 sui
999 3161 1118 3224 simile.

786 3320 801 3392 0
826 3313 886 3378 108

456 3419 636 3497 yspapat

329 3537 357 3599 n
372 3539 541 3600 communi
553 3557 629 3601 cum
640 3539 780 3602 Polluce
792 3539 884 3602 10010
895 3539 1117 3622 repetendum
1129 3543 1179 3602 est
1189 3539 1299 3620 Etym.
1307 3539 1416 3620 Magn.

254 3661 286 3723 p.
310 3635 372 3700 227
395 3639 501 3720 (apud
524 3640 607 3704 alios
631 3637 888 3724 lexicographos
920 3647 1031 3706 exstat
1053 3643 1154 3706 etiam
1180 3659 1418 3721 0001000000-

324 3810 362 3876 44)
399 3811 439 3862 010
462 3811 535 3862 enim
558 3809 770 3863 Mommsenium
794 3815 829 3881 et,
854 3827 937 3878 quem
963 3815 1072 3864 secutus
1097 3815 1147 3879 est,
1169 3812 1342 3864 Boeckhium
1359 3826 1419 3863 rem

255 3898 381 3966 intellegi
404 3898 528 3950 voluisse
551 3898 678 3950 arbitror.
721 3899 764 3950 sin
791 3899 868 3950 10010.
885 3901 981 3950 statuit
1003 3914 1019 3950 a
1044 3914 1230 3966 puerorum
1251 3903 1366 3952 tonsura
1389 3900 1419 3964 (0

255 3983 355 4055 κουρᾷ)
383 3983 456 4035 diem
474 3984 620 4051 aovpscirw
642 3984 813 4052 appellatum
840 4001 909 4055 esse,
937 4001 999 4037 cum
1029 3987 1303 4038 adulescentium
1332 3987 1418 4038 intro·

257 4071 386 4123 ductione
404 4063 529 4138 κούρειον
552 4073 728 4124 coniunctum
752 4074 846 4142 101000,
869 4074 909 4124 110
931 4077 962 4124 01
984 4089 1001 4124 0
1022 4066 1133 4141 κούροις
1156 4074 1310 4126 derivatum
1333 4077 1419 4124 esset:

256 4159 310 4211 hoc
328 4162 400 4211 00010
418 4173 475 4210 000
494 4162 535 4211 001
552 4159 710 4214 verisimile.

263 4259 266 4266 ·
326 4245 363 4311 ⁴⁵)
399 4260 456 4298 non
480 4240 573 4297 obstat
594 4245 715 4315 Polluci,
743 4246 773 4298 id
797 4246 873 4315 qnod
896 4246 1027 4300 Schaefer
1049 4248 1067 4299 l.
1091 4247 1109 4299 l.
1134 4246 1244 4299 videtur
1269 4247 1418 4300 arbitratus

258 4347 327 4399 esse,
345 4331 422 4400 quod
439 4334 533 4384 Isaeus
551 4331 589 4383 VI
606 4330 640 4384 22
658 4325 688 4382 τὸ
707 4326 831 4400 rodoam
848 4335 878 4385 in
896 4336 989 4402 priore
1006 4336 1034 4386 in
1054 4333 1196 4402 phrateres
1214 4333 1419 4386 introductione

258 4424 463 4472 commemorat
498 4434 563 4471 nam
581 4421 610 4471 in
628 4419 780 4488 adoptione
796 4421 948 4474 liberorum
960 4421 1044 4489 paulo
1064 4420 1232 4473 adultiorum
1249 4421 1331 4473 100110
1349 4420 1421 4473 (1000

256 4507 323 4560 11100
340 4507 522 4559 caerimoniae
539 4507 571 4558 in
589 4522 673 4559 unam
691 4509 823 4577 coniungi
840 4513 975 4576 poterant.
