3180 5136
695 375 696 380 ¹
801 353 842 420 98

236 565 288 640 (=
315 560 405 624 Suid.
429 581 454 624 s.
478 565 524 640 v.)
555 565 588 624 et
615 563 650 623 in
680 564 828 644 corporis
855 580 1004 644 paroem.
1034 560 1181 642 Gotting.
1211 557 1397 642 appendice

234 665 266 726 ΙΙ
288 661 328 725 92
350 665 546 746 inspexeris,
569 665 667 727 t'acile
690 665 874 746 apparebit.
909 701 950 711 -
988 663 1048 727 sed
1069 663 1128 724 illa
1151 661 1194 724 de
1216 661 1397 724 maioribus

237 771 269 828 et
297 767 479 828 minoribus
508 767 642 849 glossis,
671 767 822 849 quamvis
850 785 911 848 per
939 785 976 829 se
1003 767 1069 829 sint
1096 765 1305 847 verisimilia,
1335 781 1396 846 ego

235 888 314 952 non,
342 875 379 932 ut
400 888 497 932 meae
518 871 620 952 ipsius
643 872 830 933 sententiae
851 871 1057 952 inservirem,
1080 869 1172 950 finxi,
1199 867 1260 930 sed
1283 868 1395 929 etiam-

235 991 323 1034 nunc
347 977 478 1035 exstant
500 972 589 1054 apud
611 973 817 1054 Hesychium
841 977 931 1035 certa
946 971 1137 1036 huiusmodi
1153 971 1320 1051 exempla.
1354 987 1396 1031 ex

237 1076 328 1137 ornni
349 1093 488 1138 numero
512 1077 590 1137 satis
614 1077 676 1138 erit
698 1075 777 1156 duo,
806 1074 897 1138 unde
926 1074 1053 1158 aliquid
1084 1073 1127 1137 de
1155 1075 1229 1156 ipso
1258 1074 1397 1137 Polluce

235 1177 457 1258 proficiamus,
479 1179 665 1240 accuratius
688 1176 926 1241 considerasse.
960 1179 1027 1239 iam
1048 1179 1083 1239 in
1099 1178 1210 1258 priore
1226 1177 1335 1258 capite
1349 1177 1396 1237 in-

238 1279 346 1342 dicavi
359 1279 517 1360 Hesychii
532 1280 660 1362 glossas
683 1278 831 1362 θεοιρικὰ
846 1278 998 1363 χρήματα
1014 1284 1047 1343 et
1063 1279 1227 1362 θεωρικὸν
1243 1275 1398 1359 ἀργύριον

238 1400 280 1444 ex
302 1401 371 1444 una
393 1381 475 1444 duas
498 1383 601 1445 factas
625 1401 699 1446 esse
721 1385 801 1446 mihi
823 1384 938 1447 videri.
975 1385 1169 1465 posterioris
1191 1388 1229 1446 ut
1252 1400 1397 1445 commu-

237 1503 314 1547 nem
349 1503 424 1546 cum
456 1485 596 1548 Polluce
629 1487 756 1549 fontem
789 1492 991 1568 statuamus,
1024 1505 1136 1548 rerum
1170 1490 1267 1548 tenor
1300 1485 1398 1567 cogit,

236 1589 380 1669 priorem
402 1593 440 1650 ut
462 1588 583 1651 eodem
605 1590 797 1672 referamus,
820 1592 927 1652 maior
950 1595 982 1652 et
997 1591 1204 1652 manifestior
1219 1587 1397 1650 verborum

238 1689 427 1753 similitudo.
472 1691 542 1753 noli
571 1692 658 1753 enirn
685 1692 748 1754 hac
769 1693 804 1754 in
826 1711 863 1755 re
887 1693 987 1755 etiam
1008 1694 1118 1774 ipsum
1141 1693 1265 1754 lemma
1286 1690 1398 1773 negle-

238 1812 325 1874 gere.
369 1795 535 1876 Pamphili
564 1795 708 1876 glossam
735 1797 783 1859 ita
809 1797 879 1858 lere
908 1801 1137 1878 comparatam
1165 1797 1266 1858 fuisse
1294 1795 1398 1876 suspi-

239 1899 305 1958 cari
326 1897 419 1959 licet:
448 1895 595 1980 θεωρικὰ
618 1897 783 1983 χρήματος
814 1895 855 1961 τὰ
885 1899 930 1974 εἰς
960 1902 1050 1962 θεῶν
1077 1896 1174 1980 νηιὰς
1201 1900 1256 1960 καὶ
1285 1894 1400 1982 ἑορτὰς

238 1999 391 2080 διδόμενα
420 2000 456 2061 ἐν
475 2007 550 2074 ,τοῖς
581 2003 831 2085 Παναθηναίοις
860 2003 915 2064 καὶ
938 2005 1131 2076 Διονυσίοις.
1177 1997 1273 2063 ἅτινα
1297 2001 1332 2062 ἐν
1355 2001 1399 2080 τῷ

237 2101 369 2184 θεάτρῳ
393 2100 518 2164 ἐδίδοτο
542 2102 637 2164 ἕνεκα
657 2106 715 2166 τοῦ
738 2106 791 2165 καὶ
815 2103 889 2179 τοὺς
912 2110 1052 2188 πένητας
1074 2111 1219 2186 μετέχειν·
1233 2106 1299 2166 τῶν
1315 2105 1397 2163 θέω·
1441 2135 1443 2138 ·

237 2207 324 2286 ριῶν.
370 2200 406 2267 οὗ
429 2203 532 2286 μόνον
554 2206 588 2268 δὲ
609 2210 706 2269 τοῦτο
730 2205 855 2288 ἐλέγετο
881 2204 1044 2292 θεωρικὸν
1067 2206 1220 2291 ἀργύριον
1244 2208 1399 2285 (fortasse

238 2309 290 2370 hio
312 2309 395 2370 alius
418 2314 535 2372 auctor
555 2309 711 2372 laudatus
736 2308 829 2394 erat),
859 2305 950 2373 uitta
976 2309 1087 2374 πάντα
1116 2308 1156 2372 τὰ
1179 2307 1400 2390 διανεμόμενοι

237 2413 280 2490 τῷ
305 2409 436 2492 πλήθει,
460 2405 569 2494 ὥσπερ
592 2413 646 2474 καὶ
667 2409 705 2474 τὸ
729 2411 996 2497 ἐκκλησιαστικὸν
1017 2439 1046 2474 κ.
1069 2435 1097 2476 τ.
1123 2411 1150 2473 λ.
1181 2448 1219 2458 --
1250 2411 1398 2472 luculen-

237 2516 398 2577 tissimum
421 2515 517 2578 huius
541 2517 671 2598 generis
695 2517 888 2598 exemplum
909 2517 951 2581 M.
977 2514 1126 2580 Schmidt
1149 2515 1246 2578 nobis
1270 2515 1399 2594 eripere

237 2617 352 2700 voluit,
381 2617 456 2681 dico
480 2619 626 2701 glossam
655 2618 846 2702 δικαστήρια
863 2615 1043 2702 Ἀθήνησιν,
1076 2637 1177 2700 quarn
1201 2635 1220 2680 e
1243 2621 1400 2700 quattuor

237 2723 396 2802 separatis
419 2722 537 2805 glossis
561 2721 739 2797 conflatam
762 2740 836 2786 esse
860 2705 983 2785 censet.
1030 2720 1121 2803 quod
1151 2739 1252 2803 quam
1280 2719 1400 2781 falsum

218 2824 287 2905 sit,
315 2826 343 2886 is
371 2825 469 2887 facile
492 2824 633 2905 videbit,
668 2825 725 2906 qui
757 2825 905 2907 singulas
940 2843 1015 2886 cum
1049 2825 1113 2886 hac
1147 2822 1398 2904 comparaverit.

238 2926 367 2989 aceedit
389 2928 463 3008 huc,
488 2927 580 3008 quod
602 2912 810 3008 singulorum
834 2926 1087 2990 disasteriorum
1111 2925 1193 2989 ordo
1216 2927 1250 2987 in
1273 2925 1400 2986 maiore

237 3029 349 3111 glossa
371 3047 439 3091 non
461 3034 512 3091 est
532 3029 728 3110 litterarum,
758 3028 818 3091 sed
840 3030 867 3091 is
892 3047 992 3111 quem
1016 3034 1049 3091 et
1070 3030 1318 3091 Demosthenes
1343 3026 1399 3089 ob-

237 3133 382 3194 servavit
405 3136 438 3194 et
458 3132 581 3195 Pollux
605 3135 706 3213 atque
729 3133 782 3193 hie
806 3130 943 3213 quidem
966 3131 1114 3195 adidem
1128 3133 1268 3194 lemma:
1293 3129 1399 3192 δικασ-

237 3231 535 3319 clamitationes.
580 3234 711 3316 singula
746 3235 906 3315 quoniam
937 3252 1013 3296 cum
1040 3235 1180 3297 Polluce
1210 3235 1401 3315 conspirare

237 3339 448 3417 manifestum
483 3341 533 3399 est
569 3337 658 3416 (linis
692 3336 820 3398 scilicet
854 3340 971 3418 aperte
1004 3341 1055 3400 est
1086 3337 1284 3417 mutilatus),
1318 3335 1400 3397 nihil

238 3441 379 3522 amplius
402 3441 464 3502 hae
487 3439 530 3503 de
551 3458 588 3502 re
611 3439 780 3521 disputare
803 3440 892 3520 volo,
916 3439 976 3502 sed
998 3440 1065 3502 alia
1086 3438 1218 3502 addam.
1254 3438 1399 3518 Hesyeh.

236 3566 267 3606 v.
282 3539 403 3624 ’Άρειος
426 3541 527 3624 πάγος
549 3543 652 3604 habet
674 3543 774 3628 haec:
794 3537 955 3622 Ἀθήναις
979 3541 1186 3624 δικαστήριον
1201 3543 1237 3602 ἐν
1251 3543 1290 3626 τῇ
1305 3535 1400 3618 ἀκρο-
1424 3579 1426 3586 ,

237 3645 340 3709 πόλει.
357 3651 469 3708 tamen
484 3664 668 3727 nunquam,
685 3648 848 3726 quantum
864 3645 944 3726 scio,
960 3645 1186 3726 Areopagitae
1200 3646 1234 3706 in
1251 3643 1400 3724 acropoli

238 3751 475 3812 convenerunt.
519 3749 633 3829 itaque
662 3749 727 3809 hoc
745 3748 979 3810 testimonium
1000 3748 1103 3832 plane
1125 3751 1176 3810 est
1200 3747 1399 3810 confictum?

236 3853 317 3914 mihi
339 3851 475 3932 quidem
496 3868 565 3913 non
588 3849 728 3912 videtur.
771 3849 924 3938 videmus
948 3851 1036 3912 enim
1058 3852 1092 3912 in
1114 3851 1267 3932 longiore
1289 3849 1401 3930 glossa

238 3948 642 4040 (δικαστηριαἈθηνησιν)
654 3954 799 4034 primum
812 3951 854 4014 de
865 3951 954 4014 Areo
967 3971 1054 4034 pago
1068 3953 1131 4035 agi,
1144 3956 1215 4014 tum
1227 3951 1270 4015 de
1281 3954 1400 4014 senatu

238 4058 495 4138 quingentorum
511 4056 591 4134 [hoc
601 4055 724 4118 Pollux
737 4056 771 4116 in
783 4055 1036 4116 dicasteriorum
1048 4056 1301 4117 enumeratione
1312 4054 1400 4117 hene

239 4158 382 4238 omisit),
404 4157 535 4220 scimus*
550 4155 673 4219 deinde
695 4157 784 4218 huuc
813 4161 966 4219 senatum
992 4156 1160 4219 interdurn
1188 4159 1224 4219 in
1251 4155 1402 4238 acropoli

215 4258 432 4322 consedisse
455 4262 510 4338 [cf.
533 4260 619 4322 Xen.
643 4259 773 4321 Hellen.
797 4259 853 4340 VI,
869 4256 899 4341 4,
914 4256 986 4336 20):
1011 4277 1115 4340 quare
1137 4260 1287 4340 suspicor
1309 4277 1400 4321 acro·

237 4362 323 4442 polis
348 4363 553 4424 mentionem
567 4363 602 4423 in
618 4365 772 4441 separata
787 4362 899 4442 glossa
914 4360 957 4423 ad
972 4367 1126 4424 senatum
1142 4363 1400 4443 quingentorum

240 4463 407 4543 pertinere
431 4468 464 4524 et
485 4463 598 4526 locum
620 4463 770 4552 violenta
793 4465 1021 4526 contractione
1049 4464 1105 4544 ita,
1140 4468 1177 4525 ut
1205 4482 1296 4525 nunc
1323 4481 1400 4526 eum
