3180 5136
741 421 893 522 „Eg-

235 631 409 693 Pollucem
433 631 484 710 (ἐν
505 637 617 710 μέντοι
639 633 684 710 τῷ
702 629 918 712 παραβύστῳ)
945 632 1152 712 comparanti
1175 631 1314 694 dubium
1338 635 1397 711 est,

237 735 316 814 quin
338 737 429 795 recte
443 733 582 796 Photius
606 733 672 796 dno
688 733 814 796 iudicia
829 733 997 796 discernat
1012 739 1046 795 et
1059 754 1165 796 unum
1179 734 1398 815 parabystnm

236 836 375 898 Athenis
397 837 496 898 fuerit
518 828 619 918 atque
642 836 685 899 ad
707 838 792 898 haec
815 838 949 900 tertium
965 836 1105 899 accedat
1126 858 1179 916 μει
1199 859 1253 905 ον,
1285 841 1399 899 tamen

236 939 269 1001 in
293 956 342 1020 ea,
373 956 460 1020 quae
481 940 546 1002 hoc
569 939 704 1021 quidem
727 940 804 1002 loco
828 943 888 1020 est,
916 957 1029 1001 rerum
1058 939 1257 1002 condicione
1286 955 1398 1000 emen-

143 1054 146 1062 '
236 1041 316 1103 dare
336 1041 510 1104 Pollucem
532 1059 601 1103 non
624 1040 733 1104 audeo
745 1040 803 1124 7ἵ),
828 1059 1033 1123 quamquam
1056 1042 1157 1103 etiam
1181 1040 1315 1103 codices
1333 1040 1396 1102 dis·

234 1146 390 1211 sentiunt.
435 1143 653 1206 additamenti
674 1145 711 1206 ἐν
732 1150 844 1223 μέντοι
874 1147 936 1207 etc.
961 1145 1087 1206 lentem
1109 1135 1250 1206 fortasse
1271 1142 1399 1205 indicat

234 1245 334 1329 Harp.
358 1244 581 1328 παράβυσνονῑ
605 1239 707 1319 οὕτως
729 1245 877 1308 ἐκαλεῖτό
901 1268 932 1307 τι
954 1250 1019 1308 τῶν
1041 1242 1124 1327 παρ’
1144 1241 1330 1327 Ἀθηναίοις
1354 1245 1396 1306 δι-

234 1348 426 1432 καστηρίων,
448 1349 484 1410 ἐν
506 1338 531 1430 ᾧ
554 1347 703 1423 ἐδίκαζον
725 1347 758 1411 οἱ
774 1347 909 1410 ἕνδεκα·
929 1343 1121 1432 Ἀντιφῶν
1138 1347 1220 1428 πρὸς
1235 1345 1399 1410 Νικοκλέα

234 1454 309 1531 περὶ
331 1447 489 1531 ὅρων...
511 1469 580 1513 non
602 1452 712 1513 minor
733 1451 767 1512 in
790 1451 1009 1533 sequentibus
1033 1454 1084 1513 est
1105 1451 1322 1532 perturbatio.
1362 1449 1397 1512 id

234 1555 288 1618 vel
310 1555 428 1617 leviter
449 1555 538 1618 hunc
559 1555 673 1616 locum
696 1555 903 1635 percurrenti
926 1553 1102 1618 offensioni
1131 1571 1206 1616 esse
1234 1553 1336 1616 debet
1358 1549 1395 1614 τὸ
1423 1623 1428 1638 ,

233 1661 384 1740 Μητίχου
406 1658 457 1720 bis
480 1658 745 1738 commemorari,
768 1655 805 1718 τὸ
829 1657 884 1718 ἐπὶ
906 1656 1005 1736 Λύκῳ
1028 1659 1142 1738 inepte
1163 1656 1396 1736 interpositum

235 1779 317 1825 esse.
361 1765 532 1842 postrema
561 1764 673 1822 autem
703 1763 837 1822 tuentur
858 1759 1046 1840 Hesychius
1068 1761 1218 1841 Μητίχου
1248 1764 1396 1837 τέμενοςε

233 1862 281 1946 εἴη
305 1859 346 1926 ἂν
367 1863 405 1926 τὸ
420 1866 601 1946 Μητιχεῖον
624 1861 830 1944 δικαστήριον
852 1869 943 1944 μέγα,
966 1864 1003 1924 ἐν
1026 1851 1050 1942 ᾧ
1074 1859 1398 1943 προσεκληρώθησαν

231 1966 330 2048 χίλιοι
358 1965 511 2028 δικασταί
538 1967 601 2045 (sic
628 1967 671 2028 M.
696 1965 845 2029 Schmidt
873 1984 916 2028 ex
942 1965 1086 2048 append.
1109 1965 1262 2047 proverb.
1286 1965 1334 2026 ΠΙ
1356 1961 1399 2026 94

234 2067 437 2154 emendavit)
462 2073 495 2131 ct
516 2070 582 2132 lex.
606 2069 711 2133 Bekk.
735 2066 808 2151 309,
826 2067 865 2130 17
888 2074 1021 2149 τέμενος
1043 2066 1225 2151 Μητιόχονε
1249 2065 1395 2150 δικαστή-

232 2195 304 2256 ριον
327 2167 520 2251 ὀνομασθὲν
542 2166 608 2234 ἀπὸ
624 2169 795 2254 Μητιόχον
819 2167 1045 2251 ἀρχιτέκτονος
1066 2166 1086 2254 ἢ
1109 2169 1246 2254 ῥήτορος
1267 2175 1333 2232 τῶν
1353 2168 1396 2232 τὰ

231 2274 385 2355 βέλτιστα
408 2273 719 2356 συμβουλευσάντων
738 2275 930 2356 (contraria,
953 2273 1014 2337 sed
1030 2292 1118 2356 quae
1132 2273 1214 2336 nihil
1228 2275 1396 2355 pertinent

233 2377 276 2440 ad
297 2379 483 2458 Pollucem,
506 2377 608 2439 habet
622 2378 718 2440 Phot.
744 2375 904 2458 Μήτιχοςε
929 2369 1125 2464 ἀρχιτέκτων
1140 2377 1195 2438 καὶ
1210 2374 1316 2460 ῥητωρ
1332 2378 1396 2437 τῶν

233 2475 270 2542 οὗ
300 2477 341 2542 τὰ
369 2479 523 2561 βέλτιστα
557 2478 870 2559 συμβουλευόντων).
921 2480 982 2543 sed
1014 2480 1144 2541 initium
1177 2479 1398 2542 labefactatur

233 2584 292 2664 his,
312 2600 400 2664 quae
416 2583 591 2664 ascribam,
615 2584 822 2664 testimoniis,
846 2583 937 2646 unde
952 2580 989 2645 τὸ
1007 2580 1151 2644 Κάλλιον
1165 2582 1335 2664 peculiare
1350 2581 1397 2644 di-

233 2686 410 2747 casterium
433 2686 534 2747 fuisse
558 2689 591 2746 et
605 2686 638 2746 in
655 2685 800 2748 Pollucis
824 2687 1036 2748 enarratione
1060 2685 1181 2748 eodem
1204 2702 1272 2766 quo
1294 2685 1397 2766 paulo

232 2792 311 2850 ante
332 2788 434 2851 mode
459 2793 603 2850 erratum
621 2804 695 2850 esse
710 2793 864 2869 apparet:
888 2788 954 2851 lex.
970 2787 1076 2851 Beklr.
1093 2783 1166 2868 269,
1179 2784 1220 2849 33
1238 2784 1395 2849 Koittaor:

233 2888 438 2973 discurrimus
455 2885 627 2973 Ἀθήνησιν
650 2885 733 2951 οὕτω
757 2888 961 2971 καλούμενον
984 2886 1050 2954 ἀπὸ
1073 2895 1131 2953 τοῦ
1154 2887 1326 2952 καλλύνειν
1340 2889 1397 2950 καὶ

231 2999 364 3072 κοσμεῖν
396 2992 452 3053 καὶ
485 2990 687 3072 λαμπρύνειν
709 3016 737 3053 κ.
752 3015 780 3054 τ.
798 2991 824 3053 λ.
836 2991 881 3071 ⁷⁸)
914 2997 946 3054 at
968 2993 1063 3056 Phot.
1089 2989 1264 3054 Κάλλειον;
1288 2993 1396 3053 δικασ-

232 3094 342 3176 τήριον
369 3091 545 3176 Ἀθήνησιν
579 3091 645 3156 ἀπὸ
681 3091 841 3157 Καλλείου
876 3097 934 3156 τοῦ
968 3094 1185 3178 πεποιηκότος
1213 3092 1394 3174 ἐπώνυμον.

232 3197 448 3260 Androtionis
476 3198 602 3258 mentio
633 3195 675 3258 ad
703 3197 814 3258 solum
844 3194 988 3258 Κάλλιον
1015 3197 1193 3260 reserenda
1221 3199 1298 3279 erit,
1326 3216 1394 3260 nen

233 3301 332 3363 etiam
356 3298 398 3361 ed
422 3297 459 3360 τὸ
480 3302 660 3380 Μητιχυῖον
686 3299 773 3360 infre
800 3299 936 3361 demum
958 3305 1049 3362 recte
1071 3302 1217 3381 positum
1225 3298 1282 3377 ⁷⁹).
1316 3318 1395 3362 nam

233 3403 329 3466 huius
367 3419 502 3484 quoque
539 3402 705 3465 dicasterii
743 3405 1016 3466 commemoratio
1052 3409 1260 3485 quantopere
1289 3403 1394 3467 Atthi-

231 3593 533 3600 -——--———-—--—

301 3709 339 3774 Π)
374 3709 498 3758 virorum
516 3705 661 3759 doctorum
679 3707 731 3758 hac
749 3708 783 3758 de
801 3725 831 3761 re
850 3711 996 3778 opiniones
1016 3709 1129 3779 collegit
1141 3725 1276 3778 suamque
1288 3708 1395 3761 eddidit

231 3796 342 3863 Sauppe
360 3792 434 3846 Orat.
452 3792 509 3845 Att.
527 3793 554 3844 li
572 3810 599 3861 p.
617 3793 676 3846 215.

301 3915 339 3980 78)
374 3914 445 3966 bene
462 3912 635 3966 Schoemann
653 3912 766 3982 (Opusc.
785 3915 860 3969 acad.
880 3915 893 3967 1
910 3933 937 3984 p.
956 3915 1020 3981 225)
1043 3915 1238 3969 animadvertit
1261 3919 1394 3985 interpre-

232 4005 365 4054 tationem
382 3999 447 4050 inde
470 4000 505 4052 ab
530 3992 585 4050 ἀπὸ
607 3999 656 4050 τού
680 3993 815 4052 καλλύνειν
837 4017 894 4053 non
918 4001 952 4053 ad
980 3995 1151 4068 δικαστήριον
1177 4001 1255 4071 illud,
1283 4001 1333 4054 sed
1359 4002 1395 4054 ad

232 4079 413 4153 Καλλυντηριοι
436 4087 587 4155 pertinere,
611 4086 645 4139 ci.
669 4085 749 4138 Phot.
768 4105 793 4140 v.
812 4080 1004 4155 Καλλνντήρια.
1041 4087 1203 4140 coaluerunt
1226 4090 1300 4140 enim
1324 4089 1396 4140 duae

233 4176 343 4244 glossae
365 4172 440 4225 haud
463 4173 548 4225 dubie
571 4177 726 4242 propterea,
750 4174 825 4241 quod
848 4177 878 4227 in
903 4179 1020 4242 utraque
1044 4165 1114 4226 οὕτω
1137 4167 1300 4241 καλούμενον
1326 4173 1396 4244 (νη)

232 4255 287 4314 ἀπὸ
305 4259 436 4328 scriptum
455 4263 521 4313 erat.

302 4381 340 4447 ²⁹)
375 4379 489 4432 Mueller
506 4379 615 4448 Fragm.
634 4379 697 4434 hist.
716 4379 811 4435 Graec.
830 4383 842 4434 l
860 4381 1040 4448 (Androtion.
1060 4382 1092 4434 fr.
1108 4383 1154 4448 51)
1173 4398 1230 4434 non
1249 4382 1333 4434 modo
1352 4397 1394 4434 se-

233 4485 313 4521 curus
339 4467 480 4519 Pollucem
508 4467 665 4535 descripsit,
697 4467 747 4520 sed
779 4468 861 4521 etiam
894 4484 998 4522 novum
1025 4483 1148 4522 errorem
1175 4467 1283 4520 addidit
1309 4469 1396 4521 verbe

232 4553 354 4627 ἐδίκαζον
372 4546 430 4606 c’ot
446 4553 518 4622 -τηῑ
536 4551 654 4622 δημοσίῳ
673 4557 699 4620 (5
721 4552 783 4620 122)
802 4555 892 4607 eidem
913 4553 1079 4607 Androtioni
1097 4553 1231 4608 tribuens.
