3180 5136
730 417 771 482 77

166 629 279 688 temen
302 643 499 708 persuasum
521 626 631 689 habeo
649 626 762 688 locum
780 644 893 708 neque
909 644 952 688 ex
965 624 1147 688 Aristotele
1156 621 1202 703 ⁹⁰)
1217 639 1330 704 neque

166 747 210 790 ex
231 727 376 791 Atthidis
398 730 560 811 scriptore
583 729 844 811 transscriptum,
875 746 1016 810 quorum
1045 732 1164 790 neuter
1184 727 1233 788 ita
1254 725 1329 788 scri-

164 833 286 912 psisset
316 866 360 877 —
392 832 502 894 solum
530 831 723 913 exponendi
750 851 856 914 genus
884 831 1026 912 respicio
1061 867 1102 876 —
1135 827 1196 892 sed
1224 846 1330 911 gram-

165 934 279 995 matici
302 951 385 996 esse.
430 933 521 996 unde
543 934 597 996 hic
618 953 680 996 sua
702 935 890 1016 sumpserit,
917 933 1047 996 nescire
1074 950 1130 994 me
1157 928 1330 1009 fate0r01).

167 1049 243 1098 cum
275 1036 416 1098 Polluce
448 1037 483 1098 in
516 1036 627 1100 verbis
661 1037 837 1118 consentit,
873 1041 1038 1118 quatenus
1070 1052 1143 1098 rem
1175 1033 1331 1113 servavit,

165 1139 311 1220 Hesych.
334 1139 466 1222 δφίταιι
491 1137 652 1202 δικαστῶν
674 1132 760 1213 εἶδος
776 1135 930 1221 Ἀθήνησι
950 1141 1017 1200 τῶν
1038 1136 1097 1220 ἐφ’
1121 1133 1237 1217 αἵματι
1259 1132 1329 1196 διω-

165 1240 379 1323 separaum),
401 1243 436 1303 in
457 1260 495 1304 re
518 1242 592 1305 sola
614 1249 732 1305 auctor
755 1243 888 1324 glossae
909 1240 1133 1323 interpolatae
1153 1240 1188 1302 iu
1203 1238 1332 1300 'limaci

165 1345 233 1407 lex.
256 1345 386 1408 Platon.
410 1346 541 1428 ἐφέτοιε
565 1344 767 1429 πεντήκοντά
790 1344 873 1406 εἰσιν
895 1333 986 1407 οὗτοι
1008 1342 1042 1405 οἱ
1063 1339 1130 1405 ἀπὸ
1145 1340 1331 1424 Δράκοντος

168 1449 243 1528 περὶ
263 1447 369 1530 φόνον
393 1446 577 1523 δικάζοντες
599 1452 709 1531 κριταί
736 1449 1067 1531 (quinquagesimum
1096 1447 1240 1528 primum
1262 1446 1331 1508 fere

169 1552 334 1614 constanti
369 1553 662 1633 grammaticorum
699 1569 794 1615 more
830 1553 942 1614 omisit
955 1549 1012 1629 ο1).
1064 1549 1188 1612 Suidae
1225 1547 1332 1626 (unde

167 1654 270 1718 schol.
293 1654 390 1721 Dem.
413 1654 527 1717 XXIII
550 1651 606 1734 38]
631 1657 802 1737 octoginta
824 1655 966 1736 ephetac
989 1651 1041 1732 (ιε’
1061 1647 1165 1736 ὄντες)
1189 1670 1209 1714 e
1230 1652 1331 1732 scrip·

168 1763 263 1819 turae
285 1758 367 1819 vitio
390 1759 454 1821 orti
481 1762 568 1839 sunt,
598 1777 675 1820 cum
703 1758 794 1839 apud
822 1759 918 1820 Phot.
948 1760 999 1835 (et
1020 1756 1086 1820 lex.
1108 1756 1330 1830 Bachmaun.)

166 1861 346 1942 περιιόντες
367 1861 506 1943 legatur.

701 1987 716 2058 §
742 1977 802 2042 126

368 2067 620 2130 ναυτοδίκαι.

252 2169 375 2232 Iisdem
398 2171 508 2233 verbis
530 2173 634 2233 utitur
654 2170 752 2233 Phot.
775 2168 980 2232 cavaedium:
1003 2164 1185 2250 Ἀθήνησιν
1213 2165 1247 2229 οί
1272 2167 1331 2241 τδις

165 2274 220 2354 τῆς
243 2274 349 2345 ξενίας
370 2271 461 2347 δίκας
483 2273 683 2354 εἰσάγοντες,
707 2273 881 2336 simillimis
903 2273 1048 2352 Hesych.
1071 2269 1275 2334 ναοτοδίκαιε
1300 2270 1334 2334 οἱ

239 2546 274 2612 ⁹⁰)
309 2552 340 2599 ut
357 2548 452 2600 multis
472 2547 624 2600 videbatur.

239 2633 274 2699 ⁹¹)
309 2634 385 2703 quod
403 2634 526 2702 Philippi
545 2637 665 2702 primum
683 2635 713 2685 iu
732 2633 828 2687 Jahrb.
847 2635 866 2688 s.
884 2633 986 2689 Philol.
1007 2633 1074 2688 1872
1092 2650 1119 2702 p.
1137 2632 1189 2685 604
1207 2648 1248 2700 sq.
1266 2647 1329 2700 pro-

168 2721 231 2771 tulit
248 2726 356 2789 etpost
373 2737 436 2772 eum
455 2721 503 2772 alii
521 2736 572 2787 pro
591 2725 733 2789 comperto
747 2725 775 2771 et
788 2720 933 2787 explorato
946 2719 1111 2788 habuerunt,
1128 2723 1236 2787 partem
1248 2718 1331 2770 huius

167 2807 220 2859 loci
241 2808 418 2861 cDemosth.
436 2807 524 2860 XLIII
542 2806 577 2859 57
594 2811 725 2876 corrupto
744 2808 867 2876 lluxIsse,
884 2807 913 2858 id
932 2809 959 2860 in
979 2808 1031 2858 hac
1048 2821 1140 2858 rerum
1159 2808 1331 2874 condicione,

166 2896 328 2962 praesertim
347 2911 408 2946 cum
428 2911 461 2946 ea
478 2897 548 2962 ipsa,
567 2909 639 2962 quae
657 2910 693 2946 ex
711 2895 761 2947 illa
779 2895 936 2962 corruptela
955 2899 1017 2946 orta
1034 2909 1095 2946 esse
1113 2891 1255 2945 contendit
1266 2892 1329 2944 Phi·
1349 2905 1353 2915 ¹

165 2980 245 3050 lippi,
263 2996 313 3049 per
330 2995 360 3032 se
378 2996 444 3032 vera
456 2982 520 3049 sint,
538 2979 604 3031 mihi
616 2980 661 3032 vel
673 2982 794 3033 maxime
807 2979 922 3032 dubium
936 2978 1054 3035 videtur.
1079 2985 1107 3030 et
1117 2977 1198 3030 valde
1211 2977 1331 3047 gaudeo,

166 3067 242 3134 quod
271 3069 353 3118 etiam
380 3066 553 3119 Schoemann
580 3065 676 3119 Jahrb.
702 3069 720 3120 f.
743 3066 844 3119 Philol.
869 3065 936 3120 1875
962 3083 989 3134 p.
1015 3063 1064 3118 153
1087 3081 1147 3133 sqq.
1188 3063 1329 3132 Philippis

166 3155 280 3204 minime
299 3153 455 3207 assentitur.
491 3155 515 3204 si
533 3167 617 3221 porro
637 3153 682 3205 hic
705 3153 851 3223 (Areopag
870 3156 920 3206 etc.
938 3169 964 3221 p.
985 3152 1035 3207 140
1052 3155 1109 3205 not.
1127 3149 1174 3217 43)
1198 3152 1329 3203 affirmat:

166 3241 228 3310 „bei
241 3240 343 3293 Pollux
361 3238 447 3291 findet
464 3240 523 3292 sich
541 3239 729 3293 unendlich
746 3242 875 3310 vieles,
894 3239 1055 3307 wassicher
1066 3254 1116 3291 aus
1128 3238 1330 3291 Demosthenes

165 3326 302 3394 stammt“,
319 3325 350 3379 id
362 3341 443 3394 quam
458 3327 558 3378 falsum
571 3328 615 3397 sit,
630 3328 795 3396 opusculum
807 3343 901 3380 meum
911 3326 1067 3379 luculenter
1078 3325 1331 3378 demonstraturum

165 3429 226 3465 esse
244 3427 335 3481 spero.
371 3413 420 3465 sed
438 3416 475 3466 sit
492 3413 562 3466 illud
582 3429 597 3466 e
615 3413 803 3466 Demosthene
820 3415 894 3466 male
917 3413 1057 3465 intellecto
1078 3415 1236 3479 sumptum:
1260 3427 1329 3480 quo·

165 3499 250 3552 modo
268 3505 361 3552 tamen
379 3499 444 3552 iude
461 3500 585 3568 Philippi
602 3515 630 3568 p.
649 3499 701 3554 203
719 3499 884 3552 concludere
907 3501 1031 3568 potuerit
1054 3498 1135 3567 „dass
1158 3497 1203 3549 die
1224 3497 1329 3566 Haupt-

166 3586 246 3638 stelle
272 3587 341 3638 iiber
367 3586 413 3638 die
439 3586 574 3656 Epheten,
597 3586 700 3639 Pollux
717 3585 782 3638 VIII
802 3583 860 3655 125,
886 3585 993 3637 Ihrem
1019 3589 1179 3655 grdssten
1206 3584 1329 3637 Theile

167 3672 252 3723 nach
269 3674 321 3724 aus
335 3672 605 3725 missverstandeuen
624 3671 809 3725 Nachrichten
827 3671 954 3740 beruht“,
972 3672 1026 3724 hoc
1044 3687 1088 3723 me
1100 3687 1157 3723 non
1169 3670 1330 3740 intellegere

166 3759 306 3825 profiteor.
331 3758 399 3827 quid
416 3760 510 3810 enim?
533 3763 547 3823 §
568 3758 617 3812 126
635 3759 754 3828 legimus
773 3752 872 3828 διῄτων
890 3753 947 3809 aa
965 3756 1052 3824 ἱεροῖς.
1077 3762 1185 3810 constat
1201 3758 1255 3810 hoc
1273 3773 1329 3809 nou

166 3860 275 3913 semper
293 3846 394 3897 factum
414 3860 483 3898 esse.
520 3845 638 3898 fumasse
655 3847 742 3914 Igitur
760 3845 884 3913 Philippi
903 3843 1049 3897 concludet
1072 3843 1143 3896 falso
1166 3848 1222 3896 tem
1245 3861 1328 3914 gene-

165 3932 252 3984 ralem
270 3934 434 3984 seutentiam
453 3947 468 3982 e
486 3932 630 3986 Demosth.
648 3932 709 3984 LIX
726 3933 761 3986 46
779 3932 852 3985 male
869 3931 1010 3984 intellecto
1028 3931 1156 3983 haustam
1174 3946 1243 3998 esse,
1261 3948 1328 4001 ergo

166 4020 249 4070 etiam
267 4018 376 4087 reliqua
394 4017 429 4069 de
452 4017 579 4070 diaetetis
602 4019 704 4070 tradita
727 4017 781 4070 lide
804 4033 905 4070 carere.
941 4020 1027 4070 immo
1050 4017 1200 4069 maximam
1222 4023 1329 4086 partem

165 4105 214 4157 illa
223 4107 329 4173 optima
341 4109 416 4157 sunt:
427 4107 521 4157 statim
533 4107 607 4157 enim
620 4108 746 4173 sequitur
757 4104 915 4157 Demetrius
928 4104 1111 4168 Phalereusis,
1121 4105 1238 4156 fortasse
1250 4121 1328 4174 prae-

166 4191 239 4243 cedit
250 4191 426 4261 Anstoteles,
445 4193 571 4259 sequitur
582 4191 755 4243 Demetrium
768 4191 942 4259 Aristoteles,
960 4190 1034 4242 hunc
1051 4191 1152 4241 lterum
1164 4189 1329 4246 Demetrius.

236 4295 274 4361 ⁹²)
310 4291 478 4363 διωκομένων
495 4295 528 4348 ll.
546 4294 672 4348 Schmidt
697 4295 864 4365 „correxit“
891 4287 1054 4367 δικαζόντων
1080 4294 1211 4362 scribens,
1243 4297 1328 4348 Immo

166 4383 201 4435 de
221 4384 337 4435 ravavit.

202 4399 275 4536 p⁹⁸)
310 4470 404 4521 nescio
422 4485 471 4520 cur
488 4468 559 4520 hanc
581 4467 702 4536 glossam
721 4467 844 4535 Phihppi
870 4483 905 4519 ne
930 4467 1192 4518 commemoratione
1215 4468 1329 4534 quidem
1368 4441 1370 4448 Α

167 4557 280 4626 dignam
299 4555 443 4609 censuerit.
