3194 5136
685 363 837 464 *rr-

177 571 349 634 monuissc
365 572 455 634 hunc
470 574 703 656 magistratum
717 573 923 656 Hegemonis
938 575 1015 657 lege
1030 575 1072 637 ab
1088 575 1161 657 ipse
1178 575 1347 640 Aeschine

179 679 443 738 commemorata
465 676 567 757 paulo
591 680 668 758 post
690 678 880 740 restitutum
901 674 1038 757 666614)

723 898 803 977 §99

261 1034 391 1098 Licebit
418 1036 484 1098 buc
513 1054 699 1119 assumere,
734 1038 943 1119 6666161116
980 1042 995 1114 §
1028 1036 1088 1101 100
1117 1037 1159 1101 (16
1189 1040 1345 1120 66116616

175 1137 341 1220 leguntur.
387 1139 469 1200 nihil
493 1138 1049 1221 61166666611661666166166616
1078 1140 1120 1203 de
1144 1140 1345 1223 discrimine,

177 1240 270 1322 quod
291 1241 379 1304 inter
401 1242 569 1322 cutbynes
594 1247 627 1304 61
649 1243 788 1325 legistas
816 1242 1014 1324 intercedat,
1046 1261 1122 1306 cum
1145 1261 1245 1307 nemo
1274 1261 1345 1306 nen

175 1341 290 1406 videat
321 1344 497 1407 Pollucem
535 1345 590 1406 bio
625 1348 675 1423 (et
704 1343 759 1424 45)
797 1363 1011 1408 communem
1049 1363 1160 1427 paene
1194 1347 1345 1409 emnium

177 1449 470 1528 grammaticorum
496 1449 701 1530 opinionem,
726 1467 829 1530 quam
851 1447 1025 1511 Aristoteli
1046 1448 1267 1531 Harpocratie
1292 1450 1344 1512 tri-

178 1548 258 1630 buit,
281 1552 387 1631 sequi.
432 1549 493 1613 sed
516 1550 607 1632 apud
628 1551 805 1613 Pollucem
827 1569 881 1613 res
905 1554 956 1613 est
979 1551 1121 1634 caligine
1149 1570 1219 1615 nen
1240 1571 1346 1634 parva

177 1653 385 1715 circumfusa.
432 1671 472 1714 ac
494 1654 639 1735 primum
662 1652 799 1734 quidem
823 1671 911 1734 quae
941 1653 984 1716 dc
1012 1654 1141 1736 legistis
1167 1659 1347 1716 narrantur

175 1756 231 1816 κα1
252 1752 386 1830 τούτους
406 1749 425 1839 ἡ
448 1754 548 1839 {tecti
571 1754 689 1838 κληροῖ
706 1755 777 1818 κατ’
802 1751 914 1839 ἀρχήν,
939 1757 1042 1837 61666
1063 1756 1123 1819 1116
1139 1756 1276 1838 quidem
1296 1758 1344 1818 16-

178 1857 359 1941 credibilia,
383 1877 424 1922 66
447 1858 491 1921 66
513 1859 576 1922 hos
597 1860 811 1942 magistratus
826 1860 995 1942 pertinere
1017 1875 1204 1940 66666666
1227 1875 1344 1922 omnes

175 1963 396 2024 66666611661.
427 1963 679 2044 6116666611666
702 1957 760 2042 (ὥς
783 1959 1055 2044 παρακολουθεῖν
1068 1967 1136 2036 τοῖς
1152 1960 1343 2040 διοικοῦσιν)

175 2064 296 2125 mirum
316 2065 352 2126 in
374 2065 513 2128 modum
538 2069 616 2127 sunt
639 2064 738 2146 dicta,
761 2066 852 2128 malo
868 2083 949 2128 vere
973 2083 1024 2147 66,
1048 2084 1125 2127 curn
1147 2066 1344 2148 legistarum

173 2167 300 2229 mentio
323 2167 515 2249 praecedat,
540 2186 617 2229 cum
639 2168 812 2231 Beeckhie
843 2167 1002 2247 (Staatsh.
1032 2168 1048 2232 Ι
1069 2189 1101 2249 6.
1132 2164 1194 2230 267
1216 2172 1285 2231 661.
1310 2171 1343 2246 6)
1381 2247 1385 2255 Ι

176 2267 221 2331 ad
247 2271 309 2333 hes
335 2271 471 2350 referre,
501 2289 603 2352 quam
633 2290 710 2333 cum
741 2270 826 2334 God.
850 2271 1046 2334 Hermanno
1081 2271 1208 2350 (Ucber
1235 2270 1342 2333 Herm

174 2372 262 2434 Pref.
291 2372 458 2435 Boeckh’s
487 2373 671 2456 Bahandlg.
703 2372 734 2436 d.
765 2374 887 2456 griech.
919 2373 1045 2436 insebr.
1095 2374 1232 2455 Leipzig
1264 2369 1344 2434 1826

172 2495 205 2557 p.
223 2471 301 2552 232)
326 2469 607 2559 6ι1ἆνιιγραφέας
629 2477 731 2559 66616
756 2482 835 2540 6616
857 2481 1071 2540 memoratos.
1103 2477 1217 2558 priora
1238 2474 1344 2538 verba

175 2593 242 2658 666
267 2577 403 2639 tandem
425 2580 626 2662 6661166661,
650 2580 775 2642 666616.
820 2579 1015 2643 Hermanno
1031 2579 1116 2642 haec
1140 2596 1277 2660 666666
1300 2577 1342 2640 ad

176 2674 399 2762 ἅντιγραφέας
429 2682 571 2744 attinere
601 2685 635 2744 61
665 2680 707 2744 (16
735 2682 864 2763 legistis
887 2681 1001 2744 locum
1030 2699 1049 2743 6
1076 2681 1216 2743 Polluce
1243 2681 1345 2762 61666

179 2783 356 2846 evanuisse
387 2784 566 2845 6661616611
587 2785 656 2847 iam
684 2784 726 2848 ab
751 2784 824 2847 61116
854 2785 1025 2847 obiectum
1048 2788 1098 2846 est
1127 2784 1227 2846 etiam
1252 2782 1344 2864 apud

176 2883 352 2948 Pollucem
387 2885 558 2948 offendere
591 2888 770 2968 repetitam
804 2887 986 2950 sortitionis
1019 2887 1227 2948 memoriam.
1283 2883 1344 2946 sed

174 3005 295 3051 revera
308 2992 477 3051 vetustam
495 2989 721 3072 corruptelam
736 2991 825 3052 hunc
840 2989 955 3052 locum
969 2989 1133 3051 invasisse
1154 2987 1191 3051 id
1206 3004 1342 3069 666666

175 3090 298 3154 indicio
328 3095 395 3172 661,
430 3090 521 3172 qued
550 3112 637 3155 unus
667 3111 709 3155 ex
740 3092 873 3174 optimis
909 3090 1082 3155 codicibus
1111 3090 1171 3168 (A)
1200 3107 1261 3171 pre
1291 3090 1341 3172 iis,

177 3211 264 3275 quae
291 3193 427 3256 Bekkcr
455 3212 475 3256 6
504 3195 572 3256 6616
600 3196 835 3276 manuscriptis
865 3193 998 3258 dedisse
1026 3194 1176 3275 videtur,
1205 3191 1343 3255 exbibet

175 3295 321 3379 toyrccat
349 3294 407 3359 δύο
434 3283 535 3378 ἦσαν,
565 3301 598 3359 61
627 3298 712 3361 alter
742 3297 852 3361 codex
882 3295 940 3376 (O)
970 3299 1082 3379 priore
1109 3313 1180 3359 non
1206 3295 1343 3359 inferior

173 3397 349 3480 κατάρχειν
376 3417 437 3481 666
467 3399 537 3462 κατ’
568 3394 686 3482 ἀρχήν,
722 3405 824 3482 61666
852 3404 1033 3481 utrumque
1067 3397 1228 3460 mendum
1258 3400 1342 3476 (non

175 3505 289 3565 tamen
313 3503 414 3565 611616
436 3519 506 3566 vox
529 3499 740 3586 ἅντιγραφοῖς
761 3505 797 3565 16
819 3504 916 3565 166116
948 3501 1065 3565 codice
1091 3505 1170 3583 6661
1197 3522 1342 3579 παρακο-

175 3603 314 3668 λουθεῖν
341 3606 481 3683 1666616)
512 3604 555 3668 ad
584 3606 801 3670 scholiastam
828 3604 1005 3668 Aeschinis
1032 3604 1050 3666 I
1080 3601 1140 3666 107
1167 3603 1342 3666 Pollucem

174 3708 309 3790 saepius
340 3708 589 3771 exscribentem
618 3709 757 3771 transiit.
808 3708 910 3770 sliam
943 3707 1160 3787 sententiam,
1195 3704 1271 3785 sed,
1305 3708 1343 3766 ut

172 3809 255 3872 mihi
277 3809 419 3892 videtur,
448 3827 565 3891 parum
594 3811 773 3892 probatam
802 3807 1015 3873 Schoemarin
1045 3807 1185 3891 (Opnsc.
1209 3806 1343 3869 acadI

172 3932 204 3993 p.
229 3910 291 3974 293
315 3914 403 3994 666.)
426 3912 554 3993 publici
575 3914 655 3976 iuris
678 3914 765 3976 fecit.
811 3913 939 3995 omitte,
963 3911 1055 3993 quod
1076 3914 1192 3974 666661
1212 3909 1340 3992 legistis

173 4014 276 4096 paule
313 4014 399 4076 infra
427 4016 591 4096 aptiorem
626 4016 739 4078 locum
768 4014 944 4078 Pollucem
979 4015 1149 4096 assignare
1184 4010 1341 4076 debuisse

174 4135 238 4181 nec
258 4119 374 4198 inepte
397 4134 456 4180 eos
479 4118 521 4181 ab
546 4120 702 4200 eutbynis
724 4117 930 4200 separandos
953 4118 1070 4198 fuissc3
1091 4134 1171 4178 nam
1192 4119 1230 4178 61
1251 4132 1342 4177 6666

246 4408 285 4475 ²⁴)
321 4409 390 4462 haec
408 4409 455 4461 lex
478 4408 629 4462 secundum
653 4407 862 4461 Beehncclrium
886 4405 1098 4474 (Forsehungen
1121 4404 1219 4458 auid.
1243 4403 1342 4457 Gebiet

174 4495 203 4549 d.
222 4499 269 4548 att.
287 4493 407 4563 Redncr,
425 4496 517 4548 Berlin
533 4493 608 4564 1843,
626 4511 651 4562 p.
666 4495 786 4548 57416(
799 4495 828 4560 2)
847 4495 903 4547 1616
921 4495 1044 4546 66116166
1061 4506 1148 4546 annes
1166 4490 1217 4546 335
1236 4489 1341 4544 61330.
