3194 5136
791 434 810 499 3

724 525 876 535 ..m-—

217 646 252 709 id
284 647 410 728 ipsum,
443 649 482 707 ut
513 645 660 707 Pollucis
694 643 803 706 fontes
836 640 1051 722 indagarent,
1085 638 1196 703 solum
1231 643 1384 722 agerent:

217 749 360 812 Ervinus
381 747 503 811 Rohde
516 745 539 832 ¹)
572 751 605 809 et
632 746 793 808 Ernestus
816 741 1003 828 Althausq.
1049 742 1107 806 sed
1139 761 1215 805 cum
1246 747 1390 824 uterque
1424 781 1434 794 ·

217 851 253 914 in
276 852 432 914 octavum
456 851 578 915 librum
600 849 787 912 accuratius
810 865 878 910 uon
907 846 1126 928 inquisiverit,
1156 845 1298 908 alterum
1322 847 1386 908 sul-

218 953 308 1016 ficiat
329 955 383 1017 hie
407 970 699 1035 commemorasse,
723 952 859 1015 alterius
883 949 926 1012 dc
948 949 1046 1012 huius
1070 948 1144 1011 libri
1167 950 1259 1012 fonte
1282 950 1389 1030 auspi,

220 1058 351 1119 cionem
377 1059 463 1120 infra
486 1056 762 1120 examinabimus.

304 1159 364 1223 Est
392 1164 505 1224 autem
535 1160 645 1222 octavi
674 1158 765 1240 libri,
800 1159 827 1221 si
857 1174 933 1218 cum
968 1156 1105 1238 reliquis
1142 1173 1387 1236 comparamus,

218 1280 338 1325 revera
360 1280 401 1325 ea
429 1261 593 1342 condici0,
628 1279 729 1342 quam
758 1261 792 1321 in
821 1259 983 1340 principio
1006 1259 1109 1340 tetigi.
1154 1257 1257 1319 habet
1286 1259 1387 1320 etiarn

220 1365 275 1429 hic
295 1364 382 1428 liber
402 1368 482 1428 satis
504 1383 643 1448 magnas
666 1381 934 1444 synonymorum
958 1366 991 1424 et
1019 1361 1243 1443 epithetorum
1267 1360 1388 1423 collec-

221 1469 340 1550 tiones,
368 1467 472 1532 habet
501 1468 601 1530 etiam
630 1466 753 1528 multas
782 1465 954 1529 breviores
984 1464 1213 1545 expositiones
1241 1464 1329 1526 inter
1350 1483 1387 1528 se

222 1574 371 1633 autnon
394 1571 614 1634 cohaerentes
638 1573 696 1631 aut
718 1567 836 1631 leviter
859 1571 1005 1630 tantum:
1035 1566 1086 1628 his
1108 1566 1208 1646 igitur
1229 1565 1263 1626 in
1286 1565 1386 1629 rebus

222 1691 243 1735 a
266 1674 384 1736 ceteris
407 1674 509 1736 totius
532 1674 642 1754 operis
663 1671 815 1753 partibus
829 1688 899 1734 non
923 1669 1041 1732 differt.
1088 1668 1196 1731 differt
1219 1673 1332 1732 autem
1355 1675 1389 1734 et

222 1774 320 1838 facile
350 1793 407 1839 eas
437 1793 555 1840 omnes
589 1775 694 1837 vincit
727 1789 868 1836 numero
898 1790 1010 1835 rerum
1045 1773 1149 1834 fusius
1184 1770 1389 1854 uberiusque

223 1881 448 1943 tractatarum.
501 1877 624 1942 deinde
654 1880 720 1941 hoc
753 1877 839 1940 libro
874 1893 942 1939 non
979 1879 1015 1937 ut
1049 1875 1219 1956 plerisque
1252 1875 1389 1957 reliquis

224 1979 357 2044 diversa
387 1999 500 2045 rerum
533 1999 659 2064 genera
691 1985 726 2043 et
765 1998 853 2063 quae
887 1979 1137 2042 communitatis
1173 1978 1276 2059 plene
1309 1977 1390 2040 nihil

223 2083 380 2168 habeant,
405 2086 618 2148 continentur
639 2101 752 2166 neque
774 2083 833 2146 illa
855 2084 928 2146 solo
953 2083 1122 2163 scriptoris
1152 2081 1287 2144 arbitrio
1312 2100 1388 2145 con-

222 2187 414 2271 iunguntur,
437 2187 497 2252 sed
519 2189 725 2270 perpetuitas
750 2185 916 2270 quaedam
941 2188 975 2248 et
1004 2185 1210 2249 continuatio
1232 2185 1390 2266 perspici-

226 2296 278 2352 tur
301 2295 485 2373 aptumque
499 2291 672 2354 vinculum
690 2291 804 2355 omnia
827 2289 1068 2371 complectitur.
1114 2288 1184 2351 noli
1207 2306 1287 2351 vero
1310 2287 1390 2351 inde

226 2391 408 2474 quidquam
437 2393 480 2456 de
509 2394 649 2456 sontium
685 2394 738 2456 vel
767 2394 868 2456 fontis
901 2397 1023 2455 natura
1056 2408 1283 2474 praepropere
1312 2408 1390 2455 con-

226 2496 371 2559 cludere.
415 2497 476 2559 fuit
498 2497 587 2560 enim
610 2496 743 2579 Pollux,
766 2501 803 2560 ut
824 2498 939 2559 rhetor
960 2513 1029 2559 non
1051 2495 1218 2578 ignobilis,
1241 2495 1269 2558 si
1291 2494 1391 2558 ullius

225 2599 386 2662 materiae
407 2603 477 2660 tum
495 2604 586 2662 certe
602 2599 683 2681 eius,
707 2601 761 2662 cui
782 2601 816 2662 in
837 2603 957 2663 octavo
981 2599 1067 2662 libro
1085 2616 1222 2680 operam
1245 2600 1390 2680 navavit,

225 2702 362 2764 minime
383 2701 557 2783 imperitus
580 2705 692 2784 atqua,
724 2702 855 2764 etiamsi
886 2702 1092 2783 singularum
1120 2719 1232 2764 rerum
1257 2719 1390 2764 accura-

226 2803 345 2865 tiorem
367 2805 543 2868 scientiam
564 2803 655 2866 hand
679 2803 782 2867 dubie
807 2804 936 2867 nullam
964 2803 1112 2867 habebat
1137 2837 1171 2848 -·
1205 2805 1278 2885 quis
1302 2807 1391 2868 enim

226 2906 291 2968 hoc
314 2904 430 2970 eredat
452 2906 495 2971 de
517 2907 663 2989 homine,
688 2925 789 2989 quem
813 2907 943 2970 scribae
965 2908 1076 2990 magis.
1095 2923 1197 2988 quam
1223 2907 1391 2987 scriptoris

227 3026 366 3072 munere
387 3010 480 3092 fungi
503 3009 692 3074 videbimus
718 3045 753 3056 -
779 3015 910 3092 tamen,
939 3027 1027 3092 quae
1055 3025 1108 3072 res
1136 3010 1170 3070 in
1197 3009 1390 3072 universum

226 3111 289 3174 huc
310 3112 518 3192 pertinerent
540 3115 574 3176 et
601 3113 667 3176 hoc
695 3111 781 3175 libro
806 3110 1031 3175 declarandae
1060 3116 1181 3193 essent,
1211 3116 1301 3174 certe
1323 3131 1392 3175 non

226 3213 412 3298 ignorabat.
463 3215 641 3279 manifeste
670 3219 784 3278 autem
820 3220 959 3279 octavus
985 3215 1072 3278 liber
1106 3216 1140 3277 in
1170 3213 1253 3277 duas
1280 3219 1392 3296 partes

226 3315 381 3380 discedit:
416 3319 507 3400 prior
535 3316 565 3403 (ς
594 3315 725 3404 6-81)
756 3320 905 3381 continet
938 3317 1110 3398 iuridicas,
1147 3335 1230 3398 quas
1260 3323 1391 3401 vocant,

226 3419 479 3484 Atheniensium
510 3422 740 3504 antiquitates,
768 3422 936 3502 posterior
964 3419 994 3504 (§
1023 3417 1199 3497 82-157)
1229 3420 1390 3501 publicas.

225 3524 380 3604 inquisivi
411 3523 568 3604 equidem
596 3525 629 3586 in
662 3528 769 3587 totum
798 3509 937 3605 librum,
967 3522 1027 3586 sed
1057 3541 1133 3584 cum
1161 3521 1391 3605 intellegerem

227 3627 461 3707 quaestionem
484 3625 526 3690 de
548 3629 660 3709 priore
682 3631 778 3711 parte
802 3627 845 3690 ob
869 3627 1075 3709 reliquorum
1097 3629 1249 3688 veterum
1273 3625 1336 3687 hac
1358 3627 1393 3688 in

224 3746 263 3791 re
285 3726 510 3791 subsidiorum
538 3733 694 3792 naturam
721 3729 829 3793 multo
854 3728 1074 3793 difficiliorem
1104 3746 1188 3810 esse,
1218 3745 1319 3808 quam
1349 3727 1393 3790 de

226 3832 427 3914 posteriore:
450 3851 541 3896 nunc
563 3833 651 3896 hanc
673 3833 781 3898 solam
803 3833 920 3896 litteris
943 3831 1105 3896 mandare
1129 3832 1218 3893 etin
1240 3830 1303 3892 hac
1328 3829 1393 3892 ela-

226 3933 379 3998 boranda
400 3936 488 3999 vires
512 3935 731 4000 corroborare
753 3936 867 4000 malui.
911 3935 1068 4016 inquisivi
1092 3935 1193 3996 etiam
1218 3931 1394 4014 diligenter

226 4037 260 4098 in
284 4053 393 4100 meras
417 4038 661 4102 vocabulorum
678 4039 963 4119 enumerationes,
984 4036 1044 4099 sed
1060 4036 1218 4118 perspexi
1233 4052 1302 4097 non
1324 4055 1393 4099 ma-

227 4159 329 4222 gnum
352 4140 431 4203 inde
454 4159 516 4204 nos
540 4143 683 4205 fructum
714 4144 871 4222 capturos
901 4157 984 4221 esse,
1014 4142 1048 4201 et
1070 4156 1180 4220 pauca
1207 4137 1276 4219 illa,
1306 4156 1394 4220 quae

300 4397 319 4464 ¹)
355 4395 396 4448 Ds
430 4397 494 4449 Iulii
522 4393 644 4449 Pollucis
677 4398 706 4447 in
737 4400 873 4464 apparatu
911 4395 1037 4448 scaenico
1072 4391 1226 4444 enarrando
1261 4394 1394 4446 sontibus.

227 4481 338 4551 Lipsiae
358 4481 433 4538 1870.

298 4569 323 4635 ²)
358 4567 560 4633 Quaestionum
579 4569 613 4620 de
632 4569 696 4621 Iulii
714 4569 836 4622 Pollucis
857 4569 981 4623 sontibus
1005 4568 1153 4636 specimen.
1180 4565 1305 4619 Berolini
1320 4565 1394 4620 1874.

1195 4661 1224 4712 lli
