3194 5136
435 581 473 643 οἱ
495 577 635 642 εἴκοσι.

317 719 448 780 Polluci
462 717 584 781 similia
600 721 734 780 exstant
754 720 789 780 in
805 716 934 780 Andoc.
953 720 1034 778 orat.
1053 717 1095 778 de
1110 722 1246 797 myster.
1270 713 1312 778 80
1328 733 1400 796 sqq.

233 823 286 882 lrio
310 821 400 883 enim
421 826 601 902 postquam
625 821 759 902 triginta
787 826 1006 900 tyrannorum
1030 819 1305 899 dominationem
1330 822 1402 879 tum

231 924 359 986 liberae
381 923 588 1004 reipublicae
610 924 861 986 restitutionem,
885 923 1172 996 commemoravit,
1200 923 1248 984 ita
1276 921 1400 1002 pergit:

233 1023 365 1087 situata
396 1017 518 1106 ἄνδρας
546 1021 664 1086 εἴκοσι·
694 1024 829 1098 τούτους
858 1025 892 1086 δὲ
921 1023 1158 1104 ἐπιμελεῖσθαι
1185 1025 1241 1107 τῆς
1265 1020 1400 1104 πόλεως,

233 1127 291 1200 δ’ως
316 1121 357 1188 ἂν
380 1125 413 1190 οδ
434 1127 691 1208 reponsorio·
714 1131 792 1202 τέως
815 1127 850 1188 δὲ
865 1129 1011 1210 χρῆσθαι
1031 1133 1099 1198 τοῖς
1114 1124 1267 1199 Σόλωνος
1288 1123 1403 1206 νόμοις

232 1231 288 1291 καὶ
310 1235 378 1303 τοῖς
400 1227 586 1312 Δράκοντος
609 1231 759 1311 δεσμοῖς.
804 1227 914 1312 ἐπειδὴ
946 1227 980 1291 δὲ
1008 1226 1129 1312 βουλήν
1157 1251 1193 1290 οε
1216 1225 1402 1310 ἀπεκληρώ-

233 1351 322 1413 σατε,
346 1335 533 1412 νομοθέτας
555 1355 591 1394 τε
614 1329 747 1394 «εἵλεσθε
768 1356 796 1393 κ.
820 1355 848 1394 τ.
872 1330 900 1393 λ.
944 1331 1092 1395 Pollucis
1122 1336 1240 1395 auctor
1261 1333 1405 1394 fortasse

233 1425 411 1497 Andocide
440 1431 520 1496 usus
545 1440 603 1497 est.
649 1435 710 1498 sed
740 1436 919 1517 quominus
947 1435 1012 1498 hoc
1034 1453 1095 1515 pro
1127 1437 1217 1496 certo
1246 1433 1403 1514 habeam,

233 1537 353 1626 idme
367 1537 517 1620 impedit,
543 1538 634 1620 quod
658 1555 734 1600 curn
756 1539 870 1620 legum
893 1556 973 1600 cura
996 1555 1039 1600 ex
1059 1525 1127 1600 hoc
1147 1536 1224 1599 loco
1248 1555 1317 1599 non
1339 1537 1405 1598 nisi

235 1658 348 1702 errore
376 1633 495 1723 viginti
527 1642 592 1704 illis
622 1641 700 1702 viris
736 1641 836 1703 tribui
863 1644 997 1722 poterat
1033 1677 1065 1685 ψ
1106 1641 1195 1701 hanc
1228 1640 1335 1701 solam
1363 1639 1403 1701 iis

236 1744 383 1825 assignat
405 1745 509 1806 schol.
532 1744 690 1807 Aeschin.
713 1743 729 1804 Ι
751 1739 803 1826 39,
827 1744 885 1826 qui
908 1762 993 1805 unus
1016 1746 1150 1825 praeter
1171 1742 1347 1804 Pollucem
1371 1745 1404 1803 et

233 1846 445 1909 Andocidem
476 1847 574 1909 huius
602 1847 815 1929 magistratus
842 1827 1052 1918 mentionem
1078 1846 1156 1908 facit
1192 1882 1228 1890 -
1261 1850 1333 1907 tum
1361 1844 1404 1906 de

237 1945 424 2032 ἀρισιινδρν
447 1949 562 2011 electis
586 1947 674 2032 apud
699 1949 910 2012 Andocidem
934 1967 1043 2011 sermo
1068 1949 1204 2011 omnino
1229 1964 1299 2010 non
1323 1953 1381 2010 est.

773 2160 788 2232 ς
816 2151 873 2214 ue

439 2288 782 2373 κρηνοφνλοὶκιον.

294 2453 296 2458 ·
321 2429 414 2490 Bene
430 2427 644 2490 Schoema'nn
667 2428 749 2507 (Aa.
765 2429 862 2491 Proc.
877 2449 909 2509 p.
927 2425 988 2488 716
1005 2434 1073 2491 not.
1090 2425 1146 2505 40)
1170 2425 1407 2488 animadvertit

237 2549 305 2594 non
330 2549 413 2593 sana
436 2548 510 2594 esse
532 2531 638 2594 verba
660 2532 696 2591 ἐν
718 2537 790 2604 ταῖς
806 2526 886 2612 πρὸς
910 2525 995 2611 δδοιρ
1012 2529 1130 2603 δίκαις·
1155 2526 1348 2611 ἐπιμελητὴς
1372 2527 1407 2588 δέ

235 2655 294 2715 τις,
312 2650 395 2695 cum
412 2651 501 2715 aqua
522 2634 556 2694 in
573 2634 682 2695 causis
698 2631 780 2712 πρὸς
795 2626 880 2712 ὕδωρ
905 2651 924 2696 e
946 2632 1125 2714 clepsydra
1145 2633 1180 2694 in
1198 2648 1407 2712 unoquoque

239 2734 415 2798 dicasterio
439 2737 549 2817 posita
571 2736 731 2799 fluxisset.
776 2737 811 2797 in
835 2753 875 2798 eo
901 2740 1013 2797 tamon
1031 2736 1162 2817 erravit,
1187 2734 1279 2816 quod
1301 2735 1407 2798 verba

206 2891 208 2894 .
237 2839 273 2900 ἐν
295 2844 367 2912 ταῖς
395 2838 477 2918 πρὸς
505 2834 590 2919 ὕδωρ
622 2837 725 2911 δίκαις
754 2839 885 2900 in'fine
914 2843 991 2919 post
1019 2835 1207 2920 κλεψύδρας
1238 2836 1406 2919 collo-care

237 2943 353 3006 voluit.
398 2941 480 3003 nihil
504 2941 594 3003 aliud
618 2942 683 3004 nisi
697 2941 898 3022 particulam
922 2939 958 3002 δέ
971 2943 1049 3022 post
1071 2934 1264 3022 inipslpmjr
1282 2931 1405 3002 'tollen-

238 3043 314 3106 dam
340 3050 372 3124 et
393 3045 528 3128 postis·
544 3043 759 3128 inserendam
783 3061 857 3106 esse
872 3044 1143 3125 interpunctione
1167 3046 1245 3104 ante
1260 3043 1295 3102 ἓν
1318 3043 1407 3114 facta

238 3147 470 3222 demonstrant
499 3145 587 3208 duae
614 3147 726 3212 Photii
754 3147 903 3228 glossae,
934 3164 1076 3227 quarum
1105 3150 1248 3227 utraque
1275 3148 1406 3228 partem

237 3249 389 3312 Pollueei
410 3249 477 3310 loci
497 3248 651 3330 praebet:
682 3247 904 3331 κρηνοφδλαξε
935 3247 1019 3310 λέων
1039 3246 1179 3328 χαλκοῦς
1208 3249 1261 3310 ἐπὶ
1291 3246 1407 3330 κρήνης

240 3345 281 3412 δι’
308 3341 345 3412 οδ
368 3349 406 3412 ιδ
430 3345 516 3430 ὕδωρ
534 3351 693 3432 ἐφέρετο·
723 3339 761 3432 ἦν
786 3351 820 3412 δὲ
842 3352 897 3412 καὶ
921 3345 1003 3432 ἀρχή
1033 3371 1080 3422 ιις
1096 3345 1270 3433 Ἀθήνησιν
1293 3355 1327 3413 et
1349 3350 1407 3432 ἐφ’

237 3448 338 3532 ὕδωρ
369 3454 405 3514 ἐν
427 3460 498 3527 ταῖς
527 3451 609 3534 πρὸς
637 3447 723 3534 ὕδωρ
753 3453 855 3526 δίκαις
884 3447 1061 3533 ἐλάγχανον
1089 3447 1106 3514 ὁ
1131 3451 1408 3535 ἐπιμελησόμενος

236 3555 364 3621 τούτου.
410 3555 498 3619 adde
514 3556 664 3619 eiusdem
679 3559 825 3638 priorem
850 3557 995 3638 glossam
1012 3557 1066 3638 ἐφ’
1090 3549 1190 3635 δδωρι
1216 3554 1409 3638 ἐπιμελητὴς

237 3658 432 3741 κλεψοδρῶν
455 3657 490 3720 ἐν
514 3658 624 3732 δίκαις.
657 3658 717 3722 sed
740 3677 869 3742 vereor,
892 3677 937 3720 ne
958 3659 1017 3722 illa
1034 3659 1273 3722 emendatione
1295 3660 1407 3752 ipsum

236 3763 413 3832 Pollu-cem
429 3763 642 3844 corrigamus.
680 3766 794 3824 tamen
810 3767 950 3843 apparet
963 3780 1017 3823 res
1033 3762 1134 3842 plane
1151 3761 1299 3824 diversas
1316 3760 1406 3842 apud

237 3865 412 3928 Pollucem
435 3865 631 3927 coniunctas
648 3882 729 3926 ¹esse
751 3881 863 3944 neque
886 3865 951 3928 hoc
974 3863 1016 3926 ab
1041 3864 1106 3926 alio
1131 3868 1269 3926 auctore
1292 3865 1356 3926 nisi
1386 3883 1407 3926 a

239 3968 456 4049 grammatico
481 3966 630 4047 quodam
653 3981 764 4048 eoque
788 3967 1007 4048 compilatore
1030 3968 1155 4028 factum
1180 3971 1239 4029 est.

442 4136 635 4218 θεωρικά.

323 4249 422 4338 Hunc
445 4275 558 4338 locum
580 4251 700 4356 parum
724 4275 871 4338 dilucide
888 4275 1110 4357 compositum
1134 4292 1208 4336 esse
1230 4273 1408 4356 unusquis-

240 4396 307 4461 que
339 4375 441 4459 videt,
476 4395 580 4458 quare
615 4379 722 4440 ctiam
749 4377 791 4442 de
821 4378 988 4442 sententia
1004 4395 1085 4442 ,non
1113 4378 1328 4449 conveniunt.
1373 4376 1408 4438 id

238 4481 388 4562 inprimis
411 4481 592 4562 quaeritur,
615 4498 682 4563 quo
699 4481 908 4544 enuntiatum
931 4476 1011 4561 ὅπερ
1028 4481 1082 4540 καὶ
1099 4478 1282 4564 τριώβολον
1294 4504 1321 4540 κ.
1333 4501 1365 4540 ι.
1379 4477 1408 4540 λ.
