3194 5136
750 409 902 508 —aa-

242 619 388 700 Hesych.
412 624 542 699 patrem
567 623 754 700 agnoscunt
775 617 987 699 Mercurium,
1009 620 1151 679 matrem
1173 634 1243 679 non
1266 616 1410 698 addunt3

245 722 283 782 cf.
307 720 391 783 Poll.
414 721 461 783 IV
484 719 535 783 91.
581 721 624 783 de
646 738 786 784 munere
808 721 907 802 primi
935 721 1112 802 praeconis
1141 721 1284 800 mystico
1309 721 1411 782 etiam

243 823 441 886 Aristoteles
475 823 611 887 tradidit
645 828 712 905 (ap.
746 824 852 905 Harp.
881 821 1075 906 ἐπιμελητής
1102 824 1167 884 τῶν
1199 825 1410 906 μυστηρίων).

245 927 311 988 alia
337 944 544 1008 praeconum
573 915 698 1008 genera
727 924 768 1010 (c.
797 947 827 1008 g.
858 920 875 990 ὃ
904 928 1002 1008 κῆρυξ
1034 928 1091 1007 τῆς
1117 923 1235 1008 βουλῇς
1269 926 1324 988 καὶ
1351 927 1411 988 τοῦ

244 1025 359 1112 δήμου)
384 1029 472 1110 apud
488 1029 662 1092 Pollucem
685 1030 1007 1111 praetermittuntur:
1032 1023 1145 1092 tamen
1168 1030 1233 1092 hoc
1255 1047 1324 1092 non
1346 1030 1411 1110 ipsi

242 1131 375 1195 Polluci
390 1132 605 1196 tribuendum
629 1150 703 1196 esse
719 1131 820 1195 docet
834 1133 938 1194 schol.
954 1133 1113 1196 Aeschin.
1138 1136 1225 1213 (γένη
1240 1136 1411 1212 τέσσαρα),

243 1252 357 1318 neque
380 1235 473 1297 aliud
496 1253 601 1318 genus
623 1237 798 1316 proferunt
819 1235 1051 1318 lexicographi
1074 1235 1185 1296 ceteri.

777 1411 792 1482 ξ
819 1403 878 1467 104

447 1523 670 1610 ληξίαρχοι.
1104 1589 1105 1594 1

329 1645 496 1709 Numerus
508 1646 757 1719 laxiarchorum
777 1665 798 1708 a
815 1646 888 1708 solo
900 1645 1041 1710 Polluce
1058 1643 1208 1707 traditur.
1233 1643 1276 1706 de
1295 1661 1411 1707 eorum

194 1774 196 1778 ·
244 1749 379 1830 triginta
407 1748 615 1812 adiutoribus
645 1753 678 1811 et
705 1751 826 1812 horum
853 1765 994 1811 munere
1024 1749 1062 1809 cf.
1091 1747 1187 1810 Phot.
1216 1744 1410 1829 τριάκοντας

245 1855 376 1933 πρῶτον
398 1856 459 1934 μὲν
482 1850 515 1914 οἱ
534 1851 620 1914 κατὰ
636 1850 755 1935 δήμους
780 1852 869 1931 (cod.
886 1849 996 1932 πόλιν)
1021 1849 1181 1923 δικασταί,
1206 1847 1357 1930 δεύτερον
1381 1845 1414 1911 οἱ

245 1952 331 2018 κατὰ
353 1951 452 2017 πόλιν
475 1954 566 2033 (cod.
591 1953 724 2038 δήμους)
748 1953 936 2038 τριάκοντα,
958 1955 1014 2034 τῆς
1042 1950 1213 2034 ἐκκλησίας
1242 1947 1411 2031 ἐπιμελού-

245 2077 339 2138 μενοι
365 2054 451 2138 μετὰ
486 2059 551 2120 τῶν
578 2055 773 2141 ληξιάρχων·
810 2051 913 2132 οὕτως
942 2055 1101 2136 Φρύνιχος
1137 2057 1293 2134 (fortasse
1320 2057 1412 2116 recte

246 2161 434 2241 suspicatur
454 2159 582 2224 Naber:
614 2158 803 2244 Φιλόχορος,
834 2179 910 2222 cum
938 2159 1149 2239 Phrynichus
1177 2157 1412 2240 grammaticus

246 2280 414 2344 nusquam
443 2281 464 2323 a
491 2262 611 2325 Photio
642 2262 841 2326 adhibeatur
870 2266 904 2324 et
919 2261 1012 2324 talia
1045 2261 1184 2323 Photius
1212 2260 1413 2342 plerumque

247 2365 442 2428 Philochori
463 2364 531 2428 fide
547 2365 682 2444 doceat)
708 2369 741 2427 et
755 2365 900 2446 Hesych.
923 2362 1117 2448 τριάκοντα;
1141 2351 1232 2426 οὗτοι
1254 2363 1412 2445 ἐχειροτο·

247 2470 364 2530 νοῦντο
381 2466 532 2530 δικασταί
553 2467 592 2546 (ζ
605 2468 684 2530 vide
700 2487 771 2550 cap.
787 2469 833 2548 Π)
854 2463 1038 2551 Ἀθήνησιν,
1061 2463 1178 2541 οἵτινες
1193 2465 1412 2548 ἐζημίουν(το)

247 2567 323 2644 τοὺς
344 2569 387 2654 μή
411 2576 696 2652 παραγενομένους
717 2572 783 2633 τῶν
804 2569 949 2633 πολιτῶν
971 2567 1017 2643 εἷς
1039 2565 1222 2650 ἐκκλησίαν.
1259 2585 1347 2651 quae
1371 2567 1413 2630 de

247 2674 326 2735 fune
358 2673 527 2736 rubricato
563 2672 733 2755 dicuntur,
773 2675 988 2736 consentiunt
1020 2672 1167 2734 maxime
1208 2689 1285 2733 cum
1316 2671 1413 2735 Phot.

250 2778 392 2857 σχοινίον
419 2775 681 2859 μεμιλτωμένονι
716 2775 746 2838 εί
772 2776 966 2861 βραδύνοιεν
995 2775 1051 2838 ἐπὶ
1079 2771 1137 2858 τήν
1165 2771 1354 2856 ἐκκλησίαν,
1383 2769 1416 2835 οἱ

246 2877 378 2952 τοξόται
401 2884 546 2960 σχοινίον
573 2877 764 2960 μιλτοῦντες
794 2878 998 2962 συνήλαυνον
1025 2878 1080 2940 καὶ
1110 2875 1225 2953 (aanor
1247 2875 1413 2960 πρατήρια

248 2980 415 3058 διέκλειον,
439 3001 506 3064 quo
530 2982 666 3046 uberius
690 2987 741 3044 est
763 2983 867 3046 schol.
890 2982 990 3044 Arist.
1013 2981 1096 3044 Ach.
1121 2975 1162 3040 22
1192 2978 1298 3057 (unde
1322 2978 1412 3042 Suid.

248 3106 278 3148 v.
304 3087 447 3165 σχοινίον
467 3082 714 3167 μεμιλτωμένον
737 3088 771 3147 et
791 3082 1066 3166 μεμιλτωμένον).
1108 3085 1280 3163 postrema
1300 3101 1414 3145 rursus

247 3188 395 3252 Pollucis
417 3186 522 3250 verba
544 3189 592 3249 ita
615 3189 808 3269 conspirant
830 3205 907 3249 cum
921 3186 1022 3267 Harp.
1046 3182 1252 3269 ληξιαρχικὸν
1267 3206 1414 3267 γραμμα-

248 3296 351 3354 τείονῑ
381 3289 531 3373 Αἰσχίνης
558 3291 595 3353 ἐν
621 3294 666 3374 τῷ
695 3288 781 3354 κατὰ
814 3287 994 3372 Τιμάρχου,
1024 3287 1069 3362 εἷς
1093 3285 1110 3351 ὃ
1139 3286 1360 3371 ἐνεγράφοντο
1385 3285 1417 3360 οἱ

248 3391 467 3468 τελεωθέντες
488 3397 554 3456 τῶν
575 3393 714 3470 παίδων,
737 3386 785 3469 οἷς
807 3395 882 3478 ἐξῆν
903 3388 962 3476 ήδη
990 3391 1033 3455 τὰ
1056 3393 1197 3474 πατρῷα
1220 3390 1413 3472 οἰκονομεῖν,

249 3495 325 3580 παρ’
348 3491 436 3559 &nal
452 3491 599 3578 τοῦνομα
615 3502 797 3579 γεγονέναι.
816 3495 871 3558 διὰ
886 3491 924 3559 τὸ
941 3498 1008 3557 τῶν
1023 3492 1144 3577 λήξεων
1161 3489 1287 3576 ἄρχειν·
1311 3491 1415 3577 λήξεις

250 3599 282 3661 δ’
306 3597 389 3662 εἰσιν
411 3596 448 3661 οἵ
464 3622 500 3661 τε
522 3598 635 3683 κλήροι
657 3601 713 3662 καλ
729 3596 766 3661 αἱ
786 3594 906 3678 οὐσίαι,
930 3592 972 3672 ὥς
994 3599 1051 3659 καλ
1066 3599 1244 3678 Δείναρχος
1266 3597 1303 3658 ἐν
1322 3599 1361 3682 τῇ
1385 3592 1413 3659 α’

248 3687 509 3784 κατ”Ἧχελόχου
527 3705 701 3787 συνηγορίᾳ
722 3698 805 3784 ὑπὲρ
822 3698 998 3784 ἐπικλήρου
1023 3699 1190 3778 (simililer
1205 3698 1308 3762 schol.
1324 3698 1416 3780 prius

250 3804 375 3868 codicis
397 3825 432 3866 m
456 3804 559 3886 [apud
582 3805 754 3868 Baiterum
783 3804 1047 3886 Sauppiumque]
1080 3802 1124 3865 ad
1152 3801 1308 3864 Aeschin.
1337 3797 1416 3863 118

243 3915 284 3969 ‚et
318 3906 421 3969 schol.
451 3907 587 3969 Lucian.
616 3907 687 3969 Iov.
718 3906 867 3988 tragoed.
898 3902 965 3988 26),
997 3910 1033 3967 ut
1061 3922 1105 3966 ex
1134 3903 1255 3966 eodem
1279 3907 1416 3965 auctore

249 4011 370 4073 hausta
393 4026 467 4070 esse
491 4026 531 4071 eo
556 4008 684 4071 facilius
708 4012 856 4071 statuere
877 4009 1055 4089 possimus,
1086 4024 1152 4088 quo
1181 4006 1315 4088 longius
1337 4006 1415 4066 hinc

248 4113 454 4193 reliquorum
478 4112 671 4174 testimonia
700 4112 758 4190 (cf.
779 4111 932 4192 inprimis
954 4109 1075 4172 salsum
1104 4107 1264 4171 vocabuli
1290 4107 1416 4191 ληξιαρ-

249 4213 341 4297 χικόν
362 4214 603 4295 veriloquium]
628 4213 798 4276 recedant.
831 4231 1026 4276 communes
1048 4213 1149 4293 igitur
1164 4215 1235 4273 tcto
1251 4210 1317 4272 hcc
1339 4211 1415 4272 loco

250 4320 360 4380 fontes
392 4316 540 4379 Pollucis
578 4320 611 4378 et
643 4317 863 4397 plm'imorum
901 4320 1090 4378 ceterorum
1124 4314 1416 4396 grammaticorum

251 4422 473 4504 agnoscimus.
523 4425 635 4482 utrum
664 4437 744 4482 vero
772 4420 934 4483 Pollucea
967 4436 1035 4481 uno
1072 4422 1189 4481 tenore
1225 4435 1268 4478 ex
1296 4415 1416 4479 eodem

251 4528 389 4587 auctore
406 4541 516 4604 eoque
530 4527 664 4588 vetusto
690 4523 907 4604 (Philochoro
915 4525 945 4603 ?)
963 4525 1098 4602 sumpta
1113 4522 1188 4602 sint,
1212 4539 1256 4583 an
1272 4520 1416 4602 averiis,
