3194 5136
723 402 760 467 11

162 644 201 655 -
226 626 246 671 e
271 609 412 671 Polluce
442 609 646 692 descriptum
676 615 726 672 est
754 612 858 674 schol.
888 611 1044 675 Aeschin.
1071 609 1161 694 116,
1189 614 1331 676 fortasse

163 713 265 778 etiam
287 711 390 776 schol.
413 712 454 775 Pl
478 716 545 775 ton.
568 712 712 777 Phaedr.
737 711 798 776 235
821 715 863 782 D.

363 809 380 875 δ
405 809 548 897 ῶρχων.
571 851 574 858 2

160 918 228 982 lex,
252 914 347 986 Cant,
371 916 417 992 εἰς
440 917 587 1000 δατητῶν
610 913 777 1005 [αἵρεσινήε
802 964 860 981 ...
883 914 1219 1002 ῶςίίριστοτίλης
1241 920 1277 982 ἐν
1292 921 1332 1004 τῇ

157 1016 344 1102 Ἀθηναίων
360 1019 511 1107 πολιτείᾳ
533 1021 644 1104 „linas
658 1020 880 1105 λαγχάνονται
902 1020 984 1104 πρὸς
1005 1015 1233 1105 τδνῶρχοντα
1255 1011 1330 1083 ἀλλ’

162 1119 195 1184 εἴ
211 1121 314 1207 cogn)
336 1125 392 1185 καί
414 1123 460 1198 εἰς
483 1123 630 1208 δατητῶν
653 1122 789 1207 αἰρεσιν,
813 1118 894 1204 ὅταν
916 1145 968 1198 τις
987 1123 1030 1208 μή
1053 1123 1141 1210 θέλη
1169 1123 1265 1187 κοινὰ
1287 1123 1331 1187 τὰ

162 1219 243 1287 ὄντα
266 1227 461 1305 νέμεσθαίῑ.
508 1229 547 1291 cf.
569 1228 673 1310 Harp.
702 1250 733 1292 v.
758 1226 944 1291 δατεῖσθαι.

164 1345 183 1390 e
210 1327 346 1410 reliquis
382 1331 422 1400 cf.
461 1331 528 1394 lex.
557 1328 652 1394 Cant.
682 1329 853 1411 ἰπῶννμος
883 1326 1005 1410 ἄρχωνι
1040 1324 1089 1414 ἐφ’
1123 1318 1161 1392 οὗ
1190 1324 1209 1414 ή
1237 1328 1333 1403 πόλις

161 1431 368 1512 χρηματίζει·
393 1430 460 1514 ἔχει
482 1429 512 1495 δ’
538 1431 729 1514 ἐπιμέλειαν
751 1430 906 1518 χορηγοὺς
929 1436 1134 1515 καταστῆσαι
1157 1432 1203 1508 εἰς
1218 1432 1331 1496 Διονύ-

162 1548 218 1595 σια
239 1535 295 1596 καί
320 1533 500 1618 Θαργήλια.
530 1535 734 1616 ἐπιμελεῖται
758 1536 870 1598 δὲκαὶ
898 1539 964 1599 τῶν
987 1535 1040 1610 εἰςΙ
1060 1533 1168 1620 Δήλον
1189 1538 1245 1599 καί
1267 1537 1332 1598 τῶν

163 1630 329 1719 ἀλλαχόσε
342 1645 561 1720 πεμπομένων
570 1635 756 1723 Ἀθήνηθεν
771 1642 940 1722 θεωριῶν·
964 1636 1184 1720 λαγχάνονται
1201 1637 1235 1701 δὲ
1250 1636 1334 1721 πρὸς

162 1735 264 1802 αὐτὸν
286 1742 342 1804 καί
363 1745 499 1825 γραφαί,
522 1745 577 1804 καί
601 1741 691 1816 δίκας
713 1741 759 1816 εἰς
781 1741 818 1805 τὸ
843 1739 1051 1825 δικαστήριον
1073 1739 1204 1822 εἰσάγει.

159 1843 226 1906 lex.
257 1843 364 1908 Bekk.
392 1842 467 1926 309‚·
496 1844 537 1907 33
563 1849 648 1918 τίνες
677 1848 782 1912 ποίων
819 1844 1036 1928 δικαστηρίων
1064 1837 1154 1925 εἰχον
1179 1843 1238 1927 τήν
1265 1839 1332 1928 ήγε-

159 1948 294 2023 μονίανι
316 1945 398 2028 πρὸς
420 1947 480 2010 τὸν
502 1941 647 2030 ἄρχοντα
669 1945 841 2022 κακώσεως
862 1944 1106 2034 ἐλαγχάνονήτο]
1130 1949 1255 2030 γραφαὶ
1277 1949 1334 2010 καί

162 2045 223 2126 (αἱ)
246 2052 312 2120 τῶν
333 2055 464 2131 γονέων,
492 2049 523 2114 εἰ
543 2049 679 2121 τούτους
707 2073 755 2126 τις
786 2050 897 2114 αἰτίαν
927 2050 995 2132 ἔχοι
1023 2053 1156 2126 κακοῦν,
1185 2053 1241 2114 καί
1267 2054 1333 2114 τῶν

162 2146 341 2233 ὀρφανῶν·
359 2151 407 2215 ἔτι
431 2152 466 2215 δὲ
481 2157 667 2236 παρανοίας
689 2155 745 2218 καί
767 2149 881 2237 ἀργίας
902 2153 1105 2218 ἐπιδικασίαι
1124 2156 1181 2217 καί
1197 2151 1335 2240 [κλήρων

163 2256 219 2317 καί
242 2253 318 2319 add.
341 2257 459 2334 Meier]
486 2254 669 2340 Ιἐπικλήρων
698 2259 867 2339 γνναικῶν.
909 2254 1043 2332 ἁπάσας
1070 2255 1192 2332 ταύτας
1219 2245 1333 2340 ήγενὸ

165 2351 274 2441 ι’ίρχων
297 2357 342 2432 εἰς
363 2357 401 2421 τὸ
426 2357 635 2442 δικαστήριον
656 2355 833 2444 ήγεμονίαν
855 2356 964 2423 αὐτῶν
990 2357 1082 2440 ἔχων.
1127 2360 1215 2424 adde
1236 2361 1333 2424 Phoc.

161 2457 318 2546 ἡγεμονία
341 2460 475 2536 δικαστ,
500 2463 603 2544 Harp.
627 2483 651 2526 s.
678 2462 753 2528 ead.
782 2485 825 2545 ιη,
847 2463 914 2528 lex.
936 2463 1042 2527 Bekk.
1069 2459 1139 2545 199,
1167 2461 1187 2524 9
1210 2457 1333 2546 ἄρχωνι

163 2559 181 2628 ὃ
205 2563 263 2648 τήν
285 2562 459 2646 ἐπῶννμον
475 2560 584 2647 ἄρχων
600 2562 711 2650 ἀρχήν,
737 2562 793 2649 ἀφ’
819 2555 857 2629 οὗ
873 2569 928 2628 καί
951 2562 968 2629 ὃ
992 2565 1141 2641 ἐνιαυτὸς
1156 2568 1334 2650 ἒμετρεῖτο.

163 2657 203 2750 ἦν
226 2666 261 2730 δὲ
289 2659 334 2742 εἰς
361 2669 428 2731 τῶν
455 2669 563 2732 ἐννέα.
598 2667 764 2752 εἰσήγοντο
795 2667 824 2732 δ’
850 2672 885 2732 ἐν
915 2666 1002 2752 αὐτῷ
1032 2669 1119 2732 δίκαι
1148 2668 1331 2754 ἐπικλήρων

163 2773 219 2834 καί
241 2766 398 2854 ὀρφανῶν
419 2773 475 2834 καί
496 2774 563 2834 τῶν
583 2777 714 2836 τοκέων.

166 2874 206 2937 cf.
231 2875 332 2936 etiam
353 2874 464 2956 legem
489 2893 541 2956 ap.
564 2875 663 2938 Dem.
687 2871 867 2936 XLH175.

250 2975 354 3040 Vides
369 2981 505 3058 praeter
520 2977 586 3040 alia
599 2971 770 3040 a'Polluce
784 2978 885 3044 etiem
904 2995 1022 3040 causas
1042 2977 1205 3058 quasdam
1217 2979 1334 3060 omitti,

165 3078 286 3162 quibus
321 3079 409 3145 adde
442 3076 488 3154 εἰς
527 3081 685 3161 ἐμφανῶν
719 3077 923 3143 κατάστασιν
963 3077 1079 3165 (Harp.
1112 3101 1143 3142 v.
1178 3079 1224 3155 εἰς
1257 3081 1334 3164 ίμφ.

163 3195 299 3245 καταστ.
317 3227 324 3242 .
341 3227 348 3242 .
365 3227 373 3244 .
392 3177 409 3246 ὁ
427 3182 462 3244 δὲ
478 3177 755 3264 Ἀριστοτέλης
778 3184 814 3246 ἐν
829 3185 867 3269 τῇ
877 3179 1064 3265 Ἀθηναίων
1079 3182 1230 3268 πολιτείᾳ
1252 3181 1335 3266 πρὸς

152 3281 223 3346 ’τὸν
251 3279 397 3367 ἄρχοντά
431 3300 511 3368 φησι
539 3282 767 3366 λαγχάνεσθαι
801 3284 922 3369 ταύτην
950 3285 1010 3368 τήν
1044 3285 1147 3369 δίκην)
1182 3289 1215 3348 et
1243 3288 1334 3350 σίτου

169 3391 287 3468 (quam
313 3385 529 3456 Aristotelem
561 3387 603 3450 ab
632 3386 734 3468 Harp.
764 3405 789 3451 ε.
819 3410 850 3452 r.
882 3391 1019 3458 citatum
1053 3389 1108 3451 hic
1137 3391 1335 3471 exposuisse

165 3488 346 3552 verisimile
369 3489 442 3573 est).

237 3759 272 3826 ¹³)
308 3763 348 3812 sic
366 3761 464 3814 codex.
488 3763 572 3815 Meier
590 3755 666 3815 ἄλλαι
683 3759 751 3824 τινὲς
764 3762 929 3832 emendavit,
947 3763 1084 3816 Houtsma
1096 3753 1171 3814 ἄλλαι
1186 3779 1221 3828 τε,
1239 3764 1333 3815 nescio

166 3863 201 3899 an
229 3851 326 3900 neuter
352 3853 436 3902 recte.
476 3850 692 3919 lexicographus
721 3851 796 3900 enirn
822 3851 884 3917 ipse
911 3851 950 3901 sic
977 3849 1098 3901 scribere
1124 3852 1247 3918 poterat,
1278 3864 1336 3902 non

165 3933 338 4004 Aristoteles,
363 3951 446 4003 quem
469 3935 651 3989 disserentem
674 3936 789 3990 inducit.
832 3938 927 4004 itaque
950 3935 1027 3989 illius
1051 3951 1111 3988 esse
1135 3937 1231 3988 statuit
1252 3935 1334 3990 Rose.

165 4019 215 4073 sed
232 4036 343 4089 semper
365 4023 431 4074 satis
454 4021 509 4074 fide
533 4022 693 4075 Aristotelis
718 4023 804 4074 verba
827 4023 948 4074 servavit
970 4022 1055 4074 huius
1081 4022 1212 4091 glossarii
1231 4028 1335 4092 auctor,

164 4107 303 4158 interdum
322 4107 406 4159 etiam
424 4109 544 4178 plenius,
569 4124 653 4177 quam
671 4109 803 4177 Harpocr.
827 4109 984 4177 reliquique
1009 4123 1114 4178 omnes,
1138 4113 1225 4161 scatet
1242 4114 1335 4161 autem

164 4193 270 4245 lacunis
289 4194 509 4262 corruptelisque
528 4197 619 4248 omnis
638 4197 757 4264 generis.
793 4201 942 4263 propterea
959 4197 1044 4246 etiam
1062 4195 1116 4247 hoc
1134 4194 1196 4247 loco
1215 4198 1335 4264 vestigia

165 4278 346 4331 Aristoteliee
370 4280 566 4348 explicationis
590 4282 685 4334 verbis
708 4280 793 4343 εἴτις
819 4283 866 4348 (cf.
889 4281 959 4334 Poll.
983 4285 997 4346 ὃ
1020 4279 1055 4336 88
1077 4283 1150 4347 init.)
1173 4283 1335 4349 apparentia

164 4381 221 4418 non
249 4367 399 4420 obruerim.
445 4384 508 4419 cum
534 4384 602 4422 vero
631 4384 646 4420 e
675 4369 789 4421 Polluce
822 4384 1023 4438 cognoscamus
1049 4369 1233 4436 praecessisse
1260 4368 1334 4436 apud

166 4452 347 4506 Aristotelem
371 4469 482 4508 causam
501 4453 664 4524 παρανοίας,
687 4457 727 4508 ita
745 4455 803 4508 lere
821 4455 870 4508 ille
895 4471 1011 4510 exorsus
1031 4457 1067 4507 sit
1085 4455 1236 4507 declarare:
1261 4447 1334 4506 ἄλλο·

166 4538 278 4606 φρονῶν
296 4537 323 4592 εί
337 4557 376 4601 τις
395 4579 401 4592 .
421 4580 453 4594 ..
