3180 5136
697 416 848 520 ...⁸.³..
957 391 958 394 ,

191 624 342 688 πολιτεία
364 624 449 686 κατὰ
470 623 622 699 Σόλωνος
644 623 689 699 εἲς
710 632 880 705 τέσσαρα·
915 623 1274 704 πεντακοσιομεδίμνων
1291 663 1356 707 aas,

193 731 250 811 qui
272 730 359 790 hanc
389 727 655 792 distributionem
686 729 809 792 diserte
839 727 881 792 ad
912 727 1072 792 Solonem
1098 729 1255 792 refenmt.
1298 745 1355 790 ne-

192 849 264 912 que.
287 832 423 894 omnino
453 831 593 894 dubium
622 837 682 913 est„
712 833 792 913 quin
819 832 854 893 in
881 831 945 892 hac
974 832 1185 894 enarratione
1213 832 1313 894 etiam
1336 851 1356 894 a

189 935 337 997 Pollucis
376 939 513 998 auctore
546 935 605 997 illa
640 935 757 999 Soloni
796 935 919 1017 tributa
959 934 1089 998 fuerint.
1146 933 1206 996 sed
1241 953 1356 1016 quam-

190 1038 241 1100 vis
274 1039 467 1118 frequenter
497 1037 596 1099 huius
628 1038 769 1100 instituti
797 1038 923 1100 mentio
954 1022 1044 1117 apud
1073 1037 1251 1118 scriptores
1287 1037 1355 1120 fiat,

192 1145 305 1202 tamen
341 1159 428 1201 unus
464 1139 684 1221 Harpocratio
723 1145 895 1203 auctorem
930 1139 1046 1202 laudat
1081 1161 1113 1202 v.
1143 1137 1260 1214 taneio:
1285 1186 1292 1200 .
1316 1186 1354 1202 ..
1440 1202 1442 1206 .

187 1237 467 1325 Ἀριστοτέλης
490 1241 560 1304 δ’έν
577 1237 762 1326 Ἀθηναίων
784 1243 933 1326 πολιτείᾳ
962 1243 1061 1324 φησὶν
1081 1235 1139 1304 Ιὅτι
1166 1241 1281 1305 Σόλων
1310 1243 1356 1319 εἰς

193 1351 333 1426 τέτταρα
356 1343 454 1406 διεῖλε
476 1343 551 1429 τέλη
573 1344 611 1408 τὸ
634 1350 703 1408 πᾶν
730 1345 860 1428 πλῆθος
883 1341 1076 1427 Ἀθηναίων,
1104 1363 1354 1426 πεντακοσιομε-
1440 1413 1442 1416 ,

195 1448 323 1528 δίμνονς
352 1449 407 1516 καὶ
435 1446 554 1522 ἱππέας
582 1449 638 1511 καὶ
666 1449 809 1528 ζεογίτας
836 1449 891 1510 καὶ
923 1449 1028 1530 θῆτας
1043 1494 1050 1506 .
1068 1492 1100 1508 ..
1124 1450 1163 1511 cf.
1185 1471 1217 1512 v.
1240 1471 1357 1512 πεντα·

194 1549 444 1631 κοσιομέδιμνοι.
488 1551 580 1614 idem
607 1573 639 1614 v.
668 1554 768 1635 θῆτες
796 1552 851 1613 καὶ
879 1548 1031 1632 θητικόντ
1139 1549 1183 1624 εἰς
1211 1557 1354 1633 τέσσαρα

194 1653 382 1739 διῃρημένης
405 1655 482 1734 παρ’
499 1649 685 1737 Ἀθηναίοις
705 1658 761 1738 της
783 1653 950 1727 πολιτείας
972 1651 1007 1715 οἱ
1027 1647 1237 1735 ἀπορώτατοι
1256 1659 1356 1740 θῆτες

118 1779 120 1784 ·
192 1757 247 1818 καὶ
269 1755 407 1838 θητικὸν
428 1755 544 1820 τελεῖν.
582 1745 672 1819 οὗτοι
695 1755 729 1818 δέ
752 1751 904 1836 οὐδεμιᾶς
926 1761 1076 1836 μετεῖχον
1099 1750 1212 1839 ἀρχῆς,
1236 1753 1283 1833 aig·
1300 1760 1355 1821 καὶ

186 1858 463 1942 Ἀριστοτέλης
487 1858 581 1943 δηλοῖ
599 1862 634 1922 έν
650 1856 832 1943 Ἀθηναίων
852 1858 1002 1943 πολιτείᾳ
1019 1908 1026 1924 .
1043 1905 1051 1919 .
1069 1906 1074 1918 .
1091 1861 1289 1942 perspicitur
1304 1881 1355 1946 ea,

194 1981 281 2044 quae
305 1981 347 2026 cx
369 1963 550 2027 Aristotele
571 1964 761 2046 laudantur,
785 1964 885 2026 etiam
908 1962 999 2044 apud
1015 1963 1188 2027 Pollucem
1212 1970 1354 2048 exstare,

194 2066 314 2129 eadem
329 2067 430 2130 etiam
448 2068 537 2150 apud
550 2068 716 2130 Plutarch.
729 2068 785 2129 vit.
800 2066 913 2130 Solon.
928 2063 977 2129 18.
993 2067 1092 2148 hunc,
1109 2067 1136 2128 si
1147 2067 1355 2131 Boeclrhium

192 2169 341 2251 inprimis
363 2171 439 2252 lege
461 2171 495 2232 in
510 2171 775 2234 Demosthenem
792 2170 918 2232 inserta
933 2168 1158 2232 confidentem
1174 2172 1354 2254 sequimur,

194 2272 407 2335 statuendum
431 2277 481 2334 cst
502 2274 536 2334 in
560 2291 600 2336 eo
625 2290 763 2354 errasse,
787 2271 878 2353 quod
902 2272 1107 2352 zeugitarum
1129 2259 1273 2336 reditum
1297 2273 1357 2336 du-.

197 2379 310 2438 centos
332 2374 520 2439 medimnos
543 2377 644 2439 fuisse
666 2375 822 2460 tradidit„
855 2393 933 2438 nam
961 2373 1004 2436 de
1025 2374 1236 2438 librariorum
1257 2377 1354 2459 lapsu

197 2479 332 2560 cogitari
356 2479 483 2560 nequit,
514 2496 590 2540 cum
620 2476 662 2540 de
689 2479 748 2541 illo
776 2494 917 2540 numero
948 2477 1102 2540 omnibus
1132 2482 1354 2560 grammaticis

195 2599 268 2642 oum
297 2579 476 2661 Plutarcho
507 2581 695 2644 conveniat.
740 2582 880 2643 fortasse
912 2580 1021 2662 igitur,
1056 2581 1083 2642 si
1116 2599 1184 2644 non
1217 2584 1353 2666 primus,

194 2687 306 2774 tamen
329 2683 515 2746 communis
531 2683 701 2746 Plutarchi
718 2688 751 2746 et
766 2683 1058 2766 grammaticorum
1074 2686 1223 2748 omnium
1238 2691 1355 2750 auctor

192 2788 353 2870 peccavit.
384 2786 444 2849 sed
466 2787 636 2849 nuttamus
659 2788 759 2870 haec3
781 2787 816 2849 id
838 2787 1051 2849 manifestum
1074 2789 1124 2848 est
1137 2787 1353 2853 Plutarchum

191 2908 326 2972 prorsus
350 2909 426 2952 cum
448 2889 598 2972 Polluce,
622 2891 722 2952 ctiam
743 2891 779 2952 in
801 2889 922 2971 verbio,
946 2889 1147 2972 conspirare,
1175 2892 1239 2954 nisi
1259 2893 1353 2974 quod

190 2994 225 3054 in
247 2993 313 3056 fine
335 2993 392 3055 ille
416 2995 451 3071 (e
487 2993 590 3056 schol.
613 2989 932 3075 Α1111.Ε111111.627)
956 2992 1102 3057 thetibus
1125 2991 1162 3054 τὸ
1185 2995 1353 3078 συνεκκλη-

186 3095 316 3170 σιάζειν
338 3095 393 3157 καὶ
416 3094 557 3170 δικάζειν
579 3096 703 3180 tribuit,
725 3098 779 3159 hic
799 3096 1023 3177 inscriptionis
1044 3097 1250 3160 mentionem
1265 3099 1351 3163 facit.

192 3218 211 3263 e
226 3199 448 3282 grammaticis
470 3204 648 3282 praeterea
671 3201 821 3262 conferas
838 3217 913 3262 cnm
928 3199 1068 3262 Polluce
1083 3200 1234 3281 inprimis
1248 3201 1351 3266 schol.

191 3303 288 3366 Arist.
310 3303 420 3384 Equit.
445 3299 507 3364 627
538 3303 643 3383 (unde
672 3302 791 3366 Suidas
819 3302 954 3385 pendet,
989 3319 1032 3364 ex
1065 3320 1131 3383 quo
1167 3306 1200 3366 et
1231 3305 1351 3368 Photio

190 3406 342 3471 nondum
378 3410 535 3488 corrupto
568 3407 725 3468 haustum
759 3409 809 3468 est
842 3405 946 3468 schol.
979 3405 1076 3468 Dem.
1105 3406 1183 3468 XIV
1213 3404 1278 3477 23„
1310 3426 1352 3470 ex

193 3508 312 3572 eodem
335 3511 437 3591 fonte
465 3509 556 3572 unde
579 3509 683 3572 schol.
701 3507 815 3590 Arist,
843 3506 1047 3589 repetendus
1075 3512 1125 3570 est
1152 3509 1297 3590 Hesych.
1320 3533 1351 3574 1.

192 3609 321 3694 ἱππεὶς),
349 3612 415 3674 lex.
438 3612 544 3676 Bekk.
568 3609 640 3694 298,
663 3607 711 3673 20·
733 3609 1094 3692 πεντακοσιομέδιμνοιι
1124 3609 1157 3673 οἱ
1175 3611 1210 3674 ἐκ
1231 3612 1351 3695 τῆς-οἷ-

190 3717 278 3789 κείας
294 3717 347 3797 γῆς
360 3718 532 3788 Ιποιοῦντες
550 3711 750 3779 πεντακόσια
772 3720 875 3798 μέτρα
898 3711 1058 3798 συνάμφω
1081 3713 1161 3798 ξηρὰ
1183 3716 1239 3777 καί
1260 3710 1352 3798 ὑγροί,

188 3818 256 3896 lex.
269 3814 456 3900 Bekk.267‚
466 3815 505 3879 13
524 3815 641 3891 ἱππόςε
660 3812 928 3900 γένος’,ίθὴνησιν
946 3815 980 3878 οἱ
995 3820 1164 3892 ποιοῦντες
1179 3817 1351 3898 τριακόσια

190 3927 303 4003 μέτρα,
330 3915 449 3982 ο1“οἰνὰ
472 3917 567 4001 λόγον
589 3923 641 4004 τῆς
665 3913 777 3995 οὐσίας
798 3913 886 4001 εἶχον
904 3917 942 3982 τό
956 3918 1059 3994 τέλος,
1081 3921 1147 3985 lex.
1159 3921 1269 3983 Baka·
1278 3918 1351 4004 260,

191 4021 232 4086 33
256 4020 430 4104 ζευγησιον,
453 4021 605 4104 θητικόνε
629 4022 721 4098 τέλος
744 4021 918 4107 ζεογησιον,
948 4011 972 4104 ᾧ
1001 4024 1123 4104 ἐγίνετο
1152 4028 1255 4105 μέτρα
1284 4023 1350 4086 δια-

189 4123 294 4190 κόσια.
325 4121 342 4186 ὁ
361 4124 395 4186 δὲ
411 4130 507 4207 πένης
522 4127 577 4187 καὶ
597 4121 721 4207 ἄπορος
744 4123 807 4210 θης
830 4123 977 4188 ἐκαλεῖτο
1000 4123 1055 4187 καὶ
1078 4125 1216 4206 θητικὸν
1239 4125 1350 4189 ἐτέλει.

192 4247 266 4292 cum
297 4229 355 4310 iis,
390 4245 477 4310 quae
509 4229 632 4291 Pollux
665 4229 708 4292 de
736 4228 970 4293 Anthemionis
1003 4227 1099 4290 titulo
1132 4229 1167 4290 in
1202 4231 1351 4312 acropoli

77 4419 80 4424 Ι
190 4333 299 4414 posito
322 4335 444 4414 narrat,
473 4332 613 4394 fortasse
641 4334 799 4395 cohaeret
819 4331 979 4412 Hesychii
1000 4331 1228 4395 testimonium
1251 4328 1351 4396 ἅνθέ-
1434 4392 1435 4396 ,

189 4457 280 4516 μιονι
297 4482 303 4496 .
323 4480 355 4494 ..
379 4435 434 4496 καὶ
455 4430 555 4508 τόπος
571 4428 743 4518 Ἀθήνησιν
765 4435 801 4496 έν
822 4437 864 4529 τη
883 4429 1072 4517 ἀκροπόλει.

1146 4586 1177 4712 g*
