3180 5136
701 395 761 460 109

233 606 427 688 Pamphilus
450 606 550 688 igitur
572 603 757 685 Telephum
787 605 820 666 in
850 603 960 665 lexico
984 620 1045 665 suo
1069 599 1311 664 conscribendo

149 709 314 772 adhibuit:
344 710 459 791 itaque
481 707 620 770 necesse
648 711 698 770 est
721 707 822 768 etiam
843 705 1028 787 Pollucem,
1058 707 1115 787 qui
1136 705 1311 787 Pamphilo

148 831 228 876 usne
250 813 301 892 sit,
331 811 504 893 complura
525 809 667 892 Telephi
695 806 904 888 habere¹¹⁷).
949 808 1010 872 sed
1037 826 1125 890 quae
1151 808 1210 871 illa
1238 809 1312 891 sint,

148 933 238 977 nunc
261 931 323 977 nos
347 914 501 978 omnibus
525 912 726 976 adiumentis
755 911 905 976 destituti
931 912 1071 975 definire
1099 929 1169 975 non
1196 929 1312 994 possu-

147 1037 232 1081 mus.
261 1035 306 1080 ne
326 1017 362 1081 id
385 1017 531 1099 quidem,
555 1017 617 1080 etsi
638 1033 709 1078 non
730 1014 954 1097 improbabile
977 1019 1036 1097 est,
1058 1034 1119 1096 pro
1137 1016 1311 1096 explorato

149 1126 200 1184 est
221 1119 414 1183 habendum
436 1120 632 1183 Polluceam
656 1120 819 1201 epistatae
843 1118 1103 1201 descriptionem
1130 1136 1191 1200 per
1217 1117 1312 1180 Tele·

147 1225 251 1305 phum
274 1241 317 1286 cx
331 1222 513 1286 Aristotele
535 1222 680 1286 fluxisse.
704 1241 783 1284 nam
799 1222 922 1285 Pollux
936 1239 1005 1285 uno
1023 1226 1140 1284 tenore
1155 1226 1171 1298 ς
1186 1218 1313 1286 95-96

36 1379 39 1384 ,
149 1325 348 1408 ePamphili
370 1325 483 1407 glossa
504 1323 662 1406 πρύτανις
680 1326 912 1407 transscripsit,
935 1325 1076 1406 Telephi
1089 1325 1313 1407 fragmentum

149 1433 199 1492 est
221 1429 353 1512 glossae
376 1425 561 1511 ἐπιστάτης.
605 1433 719 1491 tamen
741 1429 770 1491 si
792 1427 873 1509 quid
894 1429 930 1490 in
953 1432 1021 1490 tam
1048 1428 1183 1490 incertis
1210 1426 1312 1490 rebus

147 1532 310 1614 suspicari
319 1530 409 1614 licet,
422 1530 579 1614 equidem
591 1532 741 1613 suspicer
753 1548 831 1593 eum
846 1531 970 1612 locum,
985 1547 1084 1612 quern
1098 1529 1190 1611 apud
1199 1529 1310 1592 Pollu·

149 1653 222 1698 cem
245 1652 289 1697 ex
303 1634 485 1698 Aristotele
507 1633 643 1698 fluxisse
666 1637 757 1698 certo
781 1635 914 1716 scimus,
938 1631 998 1696 sed
1020 1650 1090 1695 non
1111 1633 1220 1695 minus
1244 1650 1312 1695 cer-

147 1743 217 1800 tum
247 1742 298 1800 est
326 1757 346 1800 a
372 1738 443 1800 viro
474 1735 622 1818 quodam
651 1738 731 1802 satis
761 1735 861 1800 docto
892 1740 925 1799 et
954 1736 1159 1819 antiquitatis
1180 1734 1312 1798 Atticae

146 1840 237 1904 haud
258 1842 374 1923 ignaro
396 1840 570 1922 paululum
585 1842 797 1904 immutatum
815 1857 890 1903 esse
908 1839 961 1922 (cl.
978 1837 1148 1919 ἱεροποιοί,
1170 1838 1311 1902 fortasse

148 1945 248 2008 etiam
275 1941 451 2025 τιμήματα,
481 1943 540 2006 ubi
566 1942 689 2006 Pollux
716 1943 803 2006 inter
830 1959 881 2024 ea,
911 1959 999 2023 quae
1020 1941 1209 2004 Aristotelis
1238 1959 1312 2004 esse

147 2049 225 2110 satis
249 2051 388 2129 constat,
412 2046 478 2108 elia
500 2045 668 2128 quaedam
688 2047 813 2109 inserta
835 2044 938 2108 habet
958 2045 1072 2107 nescio
1090 2063 1110 2106 a
1126 2062 1192 2126 quo
1207 2063 1313 2126 prave

147 2167 321 2232 expressa,
356 2168 444 2232 quae
477 2149 598 2232 reliqui
631 2149 837 2232 grammatici
872 2152 905 2210 et
936 2148 1134 2210 Plutarchus
1167 2147 1312 2210 eundem

145 2251 360 2316 Aristotelem
382 2253 488 2315 secuti
511 2251 554 2314 ad
573 2273 677 2315 unum
693 2270 809 2315 omnes
824 2251 994 2334 ignorant)
1009 2249 1078 2332 ¹¹⁸),
1106 2250 1189 2313 tales
1211 2251 1311 2333 igitur

145 2355 239 2419 locos
261 2355 446 2418 rettulerim
468 2354 512 2418 ad
533 2354 718 2437 Telephum
740 2356 995 2437 Pergamenum.

224 2628 269 2695 ¹¹¹]
305 2629 422 2680 alterum
441 2629 510 2695 eius,
529 2627 605 2695 quod
617 2627 708 2679 adhuc
720 2633 820 2696 exstat,
839 2629 1027 2697 fragmentum
1038 2629 1138 2694 (schol.
1148 2629 1232 2685 Arist.
1241 2631 1312 2686 Plut.

146 2715 206 2784 725)
219 2715 294 2783 apud
304 2715 455 2783 Pollucem,
473 2716 523 2781 qni
535 2718 549 2779 5
561 2714 595 2767 54
607 2730 648 2782 sq.
661 2715 774 2767 uberius
793 2715 828 2767 ds
845 2717 1024 2767 sacramentis
1043 2718 1109 2784 agit,
1126 2731 1183 2769 non
1201 2717 1312 2786 legitur.
1398 2791 1400 2794 Ι

218 2811 265 2878 ¹¹⁸)
301 2826 363 2862 cum
386 2809 434 2860 illa
456 2808 616 2878 scriberem,
643 2824 716 2877 qnae
737 2826 765 2878 p.
782 2809 800 2864 8
818 2825 859 2878 sq.
882 2810 1021 2881 leguntur,
1047 2811 1202 2864 arbitrabar
1228 2815 1313 2865 etiam

145 2900 174 2950 in
192 2898 324 2950 Polluces
346 2890 511 2964 ἀνακρίσεως
533 2897 654 2948 formula
676 2897 762 2950 verba
779 2896 938 2949 Aristotelis
957 2913 973 2949 a
991 2899 1170 2967 grammatico
1189 2899 1312 2966 quodam

146 2985 255 3037 erudito
274 2983 427 3052 (Telepho)
444 2988 550 3036 munta
568 2998 637 3036 esse.
666 3000 740 3036 nunc
757 2985 837 3037 aliter
855 2986 954 3038 sentio.
987 2989 1055 3053 puto
1074 2987 1147 3037 enim
1165 2986 1313 3040 Polluceae

148 3069 285 3123 formulae
303 3071 417 3122 omnino
435 3084 493 3122 non
512 3085 582 3140 eam,
600 3085 685 3137 quam
703 3086 738 3122 ex
753 3069 905 3123 Aristotele
923 3073 1044 3124 servavit
1060 3071 1170 3126 lexicon
1189 3071 1312 3143 Cantab,

150 3159 230 3226 quasi
248 3156 458 3208 fundamentum
477 3157 571 3224 fuisse,
590 3155 639 3210 sed
651 3156 794 3210 Pollucem
811 3159 901 3225 ipsam
918 3157 996 3210 illam
1009 3159 1151 3226 antiquam
1164 3160 1312 3213 formulam

150 3247 286 3312 integram
305 3245 447 3312 praebere,
465 3261 521 3312 qna
539 3249 602 3297 ante
619 3243 771 3298 Aristidem
790 3244 975 3298 Athenienses
992 3246 1150 3299 utebantur.
1184 3263 1249 3298 nam
1271 3263 1312 3316 ea,

149 3347 221 3399 quae
250 3333 426 3383 consentiunt
455 3333 485 3384 in
517 3332 608 3384 lexico
640 3330 755 3385 Cantab.
779 3337 807 3384 et
835 3333 910 3400 apud
936 3333 1088 3402 Pollucem,
1118 3332 1192 3385 hand
1227 3334 1313 3387 dubie

148 3433 258 3486 semper
274 3419 303 3470 in
320 3417 371 3470 illa
388 3418 509 3470 formula
526 3420 643 3488 inerant,
661 3435 732 3486 curn,
757 3418 833 3487 quod
850 3421 880 3471 in
897 3418 941 3471 his
960 3420 1052 3473 verbis
1070 3424 1216 3488 mutarent,
1239 3426 1312 3473 certe

146 3521 235 3573 usque
261 3504 297 3556 ad
319 3503 477 3558 Aristotelis
500 3509 620 3558 aetatem
643 3504 828 3558 Athenienses
855 3505 926 3558 nihil
951 3505 1095 3559 haberent.
1129 3505 1311 3559 nihilominus

146 3597 239 3644 autem
257 3592 414 3644 etiamnunc
432 3590 503 3643 illud
520 3593 635 3660 retineo,
659 3591 735 3659 quod
753 3593 783 3643 in
800 3592 880 3643 initio
899 3591 983 3644 huius
1002 3591 1091 3645 libelli
1107 3591 1200 3645 Roseo
1218 3608 1310 3646 assen-

147 3681 216 3730 tiens
236 3677 340 3731 censui:
368 3677 528 3730 Polluceam
554 3677 718 3731 archontum
745 3678 960 3746 descriptionem
987 3681 1074 3730 totam
1102 3694 1137 3731 ex
1159 3678 1312 3733 Aristotele

147 3761 282 3817 manasse.
305 3780 370 3816 nam
388 3769 419 3816 ut
436 3780 503 3817 suae
521 3767 618 3818 aetatis
637 3765 795 3834 formulam,
813 3767 853 3818 ita
871 3764 945 3817 haud
965 3765 1050 3817 dubie
1068 3767 1151 3818 etiam
1169 3768 1311 3835 antiquam

144 3851 223 3903 illam
239 3852 269 3902 in
286 3851 386 3919 politia
404 3867 454 3904 sna
465 3851 678 3909 Atheniensium
697 3855 847 3905 memoriae
861 3852 1025 3920 prodiderat
1036 3852 1210 3922 Aristoteles,
1228 3869 1311 3922 quem

146 3939 260 4006 antiqua
282 3939 465 3990 instrumente
490 3938 599 3992 tabulas
623 3939 756 3991 formulas
781 3953 889 3990 summo
905 3937 1005 3990 ,studio
1028 3943 1228 4006 perscrutatum
1251 3957 1311 3994 esse

146 4039 228 4076 nemo
247 4026 341 4078 nescit.
373 4029 494 4078 ceterum
512 4041 579 4078 cave
597 4027 692 4079 credes
711 4042 747 4078 ex
765 4042 798 4078 ea
815 4041 845 4078 re
863 4025 1017 4094 quidquam
1035 4026 1107 4078 effici
1124 4041 1215 4098 posse,
1234 4029 1310 4096 quod

144 4111 246 4163 Pollux
262 4111 329 4163 inde
347 4111 381 4163 ab
406 4107 521 4164 ἐκαλεῖτο
539 4108 568 4164 δέ
584 4113 816 4181 alperspacensis
833 4105 972 4179 ἀνάκρισις
989 4129 1079 4183 usque
1096 4112 1132 4166 ad
1149 4113 1263 4184 μυρρίνῃ
1282 4112 1311 4167 δὲ

145 4191 342 4264 ἐστεφάνωντο,
374 4199 423 4251 ubi
450 4204 523 4252 certe
549 4199 678 4252 Bckkero
705 4201 810 4252 maiore
836 4201 1057 4268 interpunctione
1084 4199 1311 4268 distinguendum

146 4289 217 4351 erat,
244 4287 407 4354 praeterito,
433 4287 463 4337 in
485 4286 594 4353 reliqua
620 4285 782 4339 archontum
811 4286 995 4354 descriptione
1022 4288 1160 4355 praesenti
1186 4291 1311 4356 ternpore

146 4373 238 4423 utitur.
268 4370 322 4422 hcc
344 4373 418 4423 enim
441 4371 552 4424 videtur
574 4373 629 4425 soli
651 4372 772 4427 Pollucis
795 4375 997 4426 inconstantiae
1019 4373 1218 4442 assignandum
1240 4390 1310 4443 esse,

146 4459 196 4525 qui
212 4473 262 4526 per
279 4461 368 4509 totum
385 4458 488 4510 librum
506 4463 633 4527 tempora
651 4459 686 4512 ab
705 4459 865 4513 auctoribus
885 4459 1009 4513 adhibite
1027 4460 1097 4512 nihil
1116 4461 1237 4528 curabat,
1260 4461 1309 4512 sed

146 4543 182 4596 ad
200 4559 280 4596 suum
298 4543 442 4597 arbitrium
461 4543 545 4597 modo
562 4560 693 4613 praesens
712 4547 796 4600 modo
814 4549 993 4615 praeteritum
1005 4547 1128 4614 ponebat
1140 4549 1177 4614 (e.
1190 4564 1217 4616 g.
1231 4562 1308 4616 pree-
