3180 5136
702 411 853 512 μοι*

196 624 389 684 toxotarum
412 625 446 684 et
461 620 660 702 Scytharum
682 622 772 704 apud
787 623 1047 705 Aristophanem
1069 621 1357 686 commemoratio-

195 723 247 786 nis
275 724 466 786 memineris
496 728 529 786 et
557 725 585 786 si
612 725 716 788 schol.
745 725 844 789 Arist.
872 726 1016 789 Acharn.
1039 723 1082 789 54
1115 743 1191 788 eum
1219 725 1358 788 Polluce

195 825 401 908 reliquisque
423 827 645 908 grammaticis
669 845 770 910 supra
791 829 900 892 allatis
924 829 1114 911 contuleris,
1140 827 1277 892 minime
1300 827 1358 890 du-

195 929 289 993 bium
316 928 496 992 videbitur:
532 933 582 992 est
613 929 779 1011 Didymus
812 933 847 994 in
881 931 1128 995 commentariis
1162 931 1205 994 ad
1233 929 1358 994 Aristo·

195 1032 342 1114 phanem
362 1031 419 1094 vel
440 1032 473 1094 in
496 1031 606 1095 lexico
631 1031 826 1112 comico⁹⁹).
866 1035 904 1098 cf.
928 1035 1030 1097 etiam
1054 1034 1214 1116 Hesychii
1242 1032 1358 1096 decur-

195 1138 282 1197 tatae
315 1135 444 1216 glossas
478 1133 609 1209 τοξόται
640 1140 674 1198 et
700 1133 832 1199 Σκύθαι
867 1141 901 1200 et
928 1155 1017 1220 quae
1044 1136 1088 1200 de
1114 1139 1246 1201 ratione
1271 1137 1359 1199 inter

194 1237 285 1299 hunc
311 1238 587 1320 lexicographum
609 1238 816 1322 Didymique
843 1237 930 1315 λέξιν
957 1236 1100 1324 κωμικὴν
1127 1240 1359 1304 intercedente

194 1340 311 1402 monui
332 1359 365 1421 p.
388 1335 439 1402 86.

396 1493 500 1576 τέλη.

281 1611 364 1678 Cum
393 1615 488 1677 initio
518 1614 669 1677 conferas
696 1613 842 1695 Hesych.
872 1612 978 1690 τέλοςε
1007 1613 1124 1700 τάγμα.
1157 1621 1269 1698 πέρας.
1303 1617 1359 1678 καὶ

194 1712 231 1780 τὸ
255 1715 545 1800 καταβαλλόμενον
569 1721 633 1790 τοῖς
656 1715 812 1792 τελώναις
835 1721 890 1798 (cf.
908 1719 1010 1782 etiem
1023 1720 1090 1784 lex.
1106 1720 1212 1784 Bekk.
1226 1716 1299 1803 308,
1312 1719 1357 1799 7).

196 1820 327 1902 singula
347 1837 457 1902 paene
485 1820 599 1883 omnia
627 1821 728 1882 etiam
751 1839 772 1883 a
792 1821 930 1903 reliquis
958 1824 1182 1904 grammaticis
1213 1841 1357 1886 comme-

197 1927 376 2006 morantur,
406 1943 427 1985 a
447 1923 587 1986 Polluce
608 1924 681 2005 ipso
704 1923 754 1986 IX
776 1921 826 1986 28.
872 1924 963 2006 quod
993 1926 1111 1988 attinet
1138 1925 1182 1988 ad
1210 1925 1357 1989 δεκατευ-

196 2022 289 2108 τήρια
313 2030 345 2089 et
368 2025 514 2108 δεκάτην,
537 2029 629 2089 recte
650 2025 783 2089 videtur
804 2027 953 2110 Teupius
976 2027 1019 2090 ed
1042 2027 1132 2091 Suid.
1155 2050 1186 2091 v.
1211 2028 1357 2091 δεκατευ-

195 2126 305 2212 τήριον
327 2130 514 2212 suspieatus
538 2146 612 2194 esse
634 2129 809 2194 Pollucem
832 2131 912 2209 (hoc
935 2135 986 2194 est
1008 2135 1181 2194 auctorem
1205 2132 1290 2210 eius)
1315 2131 1358 2194 ad

194 2233 350 2315 Xenoph.
373 2232 504 2296 Hellen.
527 2233 553 2315 I,
578 2230 606 2316 1,
629 2229 670 2294 22
704 2234 759 2295 καὶ
793 2231 1023 2318 δεκατευτήρια
1056 2232 1300 2297 κατεσκεύασαν
1322 2241 1359 2296 ἐν

195 2331 275 2421 αὐτῇ
297 2337 353 2398 καὶ
374 2334 433 2420 την
455 2333 593 2419 δεκάτην
614 2334 760 2418 ἐξέλεγον
781 2338 979 2420 respexisse.
1021 2341 1111 2402 certe
1125 2355 1195 2402 vox
1210 2336 1357 2405 δεκατευ-

194 2437 304 2522 τήριον
344 2457 510 2522 nusquam
546 2438 626 2501 alibi
660 2439 750 2520 apud
782 2441 982 2504 vetustiores
1015 2441 1193 2524 scriptores
1226 2441 1355 2524 legitur.

195 2560 283 2625 quae
298 2541 341 2604 de
356 2542 507 2626 ζενγησίῳ
530 2543 753 2626 proferuntur,
775 2549 891 2626 aperto
909 2545 1013 2608 errori
1028 2543 1208 2628 debentur3
1231 2544 1358 2608 scilicet

194 2646 232 2728 is,
256 2646 313 2728 qui
334 2647 460 2728 primus
483 2646 548 2709 hoc
572 2645 748 2727 commisit,
770 2663 891 2710 vocem
913 2645 1006 2721 τέλος
1020 2648 1105 2712 falso
1121 2648 1357 2730 interpretatus

195 2752 275 2812 erat.
320 2767 421 2831 supra
443 2752 475 2828 (ξ
501 2746 575 2826 130)
598 2766 716 2812 verum
738 2749 937 2812 exhibuerat
957 2750 1089 2813 Pollux.

397 2941 434 3000 11
436 2935 513 3013 νύξ.

278 3059 331 3122 Ex
354 3059 509 3123 omnibus
532 3060 755 3142 grammaticis
779 3061 913 3142 egregie
936 3078 1013 3122 cum
1029 3060 1170 3124 Polluce
1193 3061 1358 3124 consentit

195 3162 285 3227 solus
307 3163 505 3245 Hesychius.
551 3181 627 3226 cum
656 3164 745 3225 enim
775 3164 877 3226 ceteri
904 3164 1067 3246 plerique,
1097 3164 1155 3246 qui
1176 3163 1220 3226 de
1241 3165 1357 3244 Pnyce

194 3265 387 3348 loquuntur,
411 3271 469 3329 aut
491 3265 534 3330 de
557 3265 781 3329 declinatione
804 3269 862 3329 aut
884 3265 927 3329 de
947 3266 1153 3349 etymologia
1167 3270 1278 3348 agant,
1299 3265 1357 3329 ille

194 3369 279 3431 haee
301 3369 404 3434 habet
425 3367 529 3444 Πνύξ;
558 3366 659 3443 τόπος
675 3363 860 3451 Ἀθήνησιν,
890 3370 927 3432 ἐν
949 3359 974 3450 ᾧ
998 3367 1035 3430 αἱ
1055 3368 1221 3452 ἐκκλησίαι
1242 3363 1357 3452 η’γοντο

195 3469 302 3534 πάλαι
323 3476 383 3552 μὲν
405 3475 521 3555 πᾶσαι,
551 3473 623 3534 νννλ
645 3470 679 3533 δὲ
702 3464 801 3548 ἅπαξ,
824 3465 906 3535 ὅταν
929 3470 1108 3554 στρατηγὸν
1129 3473 1358 3554 χειροτονῶσιν

197 3578 256 3654 (ex
277 3575 423 3658 Hesych.
447 3580 481 3639 et
503 3593 522 3640 e
543 3577 640 3640 Phot.
662 3575 790 3658 pendet
811 3577 915 3641 schol.
930 3576 1015 3638 Plat.
1032 3573 1155 3640 Critiae
1177 3596 1209 3658 p.
1227 3573 1287 3638 112
1299 3575 1356 3652 A).

196 3675 326 3758 πρώτου
350 3676 445 3753 ξύλον
473 3682 606 3761 praeter
627 3679 802 3743 Pollucem
830 3679 1037 3742 mentionem
1063 3679 1189 3742 faciunt
1216 3679 1280 3742 soli
1307 3679 1356 3741 hi:

194 3780 340 3862 Hesych.
370 3780 466 3856 ξύλον
494 3785 638 3863 πρῶτονε
672 3779 805 3863 βάθρον
833 3783 877 3844 τῶ
906 3782 942 3844 δν
968 3783 1007 3866 τῇ
1035 3779 1211 3866 προεδρείηι
1236 3781 1292 3843 καλ
1319 3776 1357 3867 τῇ

195 3883 348 3970 ἐκκλησίᾳ
370 3886 426 3948 καλ
447 3887 492 3966 τῷ
516 3884 709 3968 δικαστηρίῳ
733 3889 775 3967 θλ,
805 3885 901 3948 cuiue
923 3884 1037 3967 glossa
1057 3885 1163 3968 magis
1186 3887 1358 3949 contrecta
1485 3904 1490 3916 ·

196 3988 256 4052 sed
278 3989 388 4052 minue
405 3988 588 4070 depravate
603 3992 664 4071 est,
686 3989 782 4052 Phot.
798 3990 930 4071 πρῶτον
945 3985 1055 4063 ξύλον;
1079 3990 1210 4070 πρῶτον
1223 3984 1358 4070 βάθραν

266 4295 304 4363 ⁹⁹)
339 4311 396 4349 non
420 4295 520 4365 obstat,
544 4295 620 4364 quod
642 4295 733 4364 Etym.
751 4294 842 4364 Magn.
860 4310 888 4363 p.
905 4294 954 4348 761
979 4298 1044 4363 post
1066 4309 1107 4363 aa,
1130 4308 1202 4363 quaa
1224 4294 1305 4348 Phot
1328 4295 1357 4346 in

196 4385 351 4452 posteriorc
369 4382 464 4452 glossa
481 4382 573 4451 habet,
597 4381 673 4435 addit
696 4374 830 4451 ῥητορική.
866 4386 909 4435 cst
935 4383 1009 4434 enim
1035 4382 1096 4449 ipae
1121 4380 1247 4451 Photiua,
1274 4396 1357 4450 quem

195 4471 287 4539 Etym.
305 4471 398 4538 Magni
421 4468 548 4522 eonditor
569 4470 610 4522 ita
628 4468 758 4537 appellat.
776 4467 833 4522 vid.
851 4468 885 4521 ll.
904 4467 937 4521 H.
955 4468 988 4522 E.
1005 4467 1100 4520 Maiori
1118 4465 1219 4537 Opusc.
1236 4468 1313 4523 acad.
1331 4467 1358 4520 11

195 4573 220 4626 p.
243 4555 300 4611 143.
