3194 5136
692 392 842 494 js*

187 602 242 664 hic
264 619 337 664 mos
352 603 461 670 ‚etiam
483 602 672 665 Aristotelis
697 605 807 663 aetate
835 600 972 682 vigeret,
1002 599 1044 662 de
1072 601 1123 662 his
1146 598 1235 661 orbis
1257 598 1351 678 loqui

188 703 419 785 Aristotelem,
454 705 520 766 huc
549 702 607 766 τὸν
636 701 789 781 δεύτερον
824 699 974 764 ἐνιαυτόν
1008 703 1185 783 pertinere.
1235 705 1351 764 eontra

190 807 404 870 Schaefernm
431 807 514 869 dixit
535 807 773 888 Dittenberger
804 805 863 885 (de
887 789 1024 887 ephebis
1047 804 1174 887 Atticis,
1204 803 1350 886 Gotting.

192 907 287 989 1863)
312 929 516 992 quamquam
533 911 644 973 statim
666 911 701 972 in
717 927 757 972 eo
775 927 899 990 errans,
924 908 1015 989 qnod
1031 908 1244 971 Schaeferum
1261 907 1351 986 ¹arbi-

191 1014 267 1075 trari
280 1012 452 1076 contendit
466 1012 682 1076 Aristotelem
696 1013 779 1076 falso
796 1029 849 1074 res
866 1011 908 1074 ad
925 1011 1015 1074 solos
1032 1010 1132 1074 orbos
1147 1011 1351 1092 pertinentes

191 1116 234 1179 ad
258 1134 375 1179 omnes
400 1117 549 1198 ephebos
572 1116 790 1178 transtulisse.
820 1118 913 1176 recte
934 1132 1015 1177 vero
1039 1117 1155 1178 monet
1176 1113 1351 1177 Aeschinis

188 1223 341 1301 tempore
373 1220 468 1281 illum
503 1236 633 1282 morem
666 1218 828 1282 abolitum
857 1218 958 1280 fuisse
991 1235 1103 1299 neque
1137 1217 1274 1279 omnino
1309 1215 1352 1279 ad

188 1320 377 1386 Aristotelis
398 1321 511 1385 locum
536 1319 717 1404 quadrare,
740 1321 801 1384 sed
824 1338 891 1402 qua
912 1321 984 1402 ipse
1005 1320 1136 1382 ratione
1151 1319 1351 1383 Aeschinem

191 1423 392 1504 (1115154)
424 1443 499 1487 cum
522 1425 703 1488 Aristotele
732 1424 912 1486 conciliare
942 1426 1082 1485 conatus
1112 1426 1162 1484 est
1191 1422 1351 1503 (priorem

191 1528 318 1590 scilicet
333 1547 457 1590 annum
479 1529 514 1589 in
536 1529 610 1609 ipsa
625 1527 708 1589 urbe
732 1526 881 1608 ephebos
898 1525 1192 1588 exercitationibus
1216 1541 1353 1606 operam

192 1628 325 1692 dedisse
359 1632 513 1712 conicit),
548 1631 680 1692 efficere
714 1628 841 1711 studet,
877 1646 963 1710 quae
997 1628 1070 1689 fieri
1101 1645 1170 1690 non
1202 1633 1352 1709 possunt.

191 1735 310 1794 neuter
333 1751 449 1796 eorum
471 1733 618 1815 inspexit
639 1732 792 1795 Muelleri
815 1731 858 1794 ad
880 1731 963 1793 illud
979 1730 1167 1793 Aristotelis
1190 1733 1352 1814 fragmen·

192 1839 262 1897 tum
286 1832 358 1914 (20)
383 1836 646 1918 adnotationem,
675 1837 731 1916 qni
753 1855 839 1898 unus
855 1853 971 1896 verum
994 1832 1092 1896 vidit:
1117 1833 1354 1916 „intelligenda

157 1935 160 1941 '
191 1938 296 2000 verba
323 1942 401 2001 sunt
429 1938 472 2000 de
502 1939 665 2001 concione
697 1954 784 2019 quae
813 1936 1001 2000 habebatur
1029 1939 1174 1998 exeunte
1201 1939 1257 2019 τῆς
1278 1933 1353 2021 ἥβης

191 2042 338 2124 biennio,
363 2041 454 2123 quod
478 2041 669 2124 excipiebat
691 2041 833 2103 alterum
853 2040 1027 2103 biennium
1048 2044 1114 2100 sair
1134 2036 1353 2118 περιπόλων.“

279 2143 374 2226 Quae
387 2144 586 2207 Aristoteliis
602 2144 703 2207 adicit
713 2143 846 2224 Pollux,
869 2142 954 2204 falsa
966 2158 1040 2203 csse
1051 2146 1128 2222 post
1140 2141 1354 2205 Schaeferum

192 2265 292 2310 nemo
321 2249 389 2311 iam
424 2247 576 2330 negabit,
610 2245 670 2309 sed
703 2247 825 2308 mirum
861 2248 1024 2326 quantum
1058 2244 1250 2325 conspirant
1279 2264 1354 2308 cum

192 2348 294 2430 Harp.
320 2351 374 2412 ἐπὶ
398 2349 497 2422 taos
519 2345 652 2433 ἧβῇσαιε
756 2345 898 2423 Δίδυμός
926 2364 1025 2429 φησιν
1054 2341 1125 2408 ἀντὶ
1147 2349 1206 2410 τοῦ
1234 2346 1294 2409 ἐὰν
1317 2346 1353 2415 ις’

194 2453 275 2513 ἐτῶν
297 2458 465 2531 γένωνται·
488 2449 525 2515 τὸ
549 2450 608 2534 γὰρ
632 2445 749 2535 ἧβῆἁαι
771 2458 865 2532 μέχρι
889 2448 931 2512 ιδ’
956 2447 1053 2511 ἔστιν.
1090 2445 1161 2511 ἀλλ’
1185 2447 1219 2512 οἱ
1239 2448 1355 2534 ἔφηβοι

195 2554 272 2634 παρ’
289 2550 477 2638 Ἀθηναίοις
499 2551 801 2628 ὄκτωκαιὸεκαειεῖς
815 2556 969 2637 γίνονται,
992 2554 1047 2615 καὶ
1068 2558 1222 2634 μένουσιν
1236 2555 1272 2621 ἐν
1288 2561 1355 2630 ταῖς

196 2657 330 2739 ἐφήβοις
353 2655 406 2738 ἔτη
428 2655 473 2738 β’,
497 2655 611 2719 ἔπειτα
626 2659 670 2738 τῷ
687 2655 878 2738 ληξιαρχικῷ
900 2654 1120 2739 ἐγγράφονται
1134 2661 1353 2740 γραμματείῳ,

194 2758 289 2822 καθά
313 2776 413 2842 φησιν
422 2754 607 2842 Ὑπερείδης
630 2761 666 2822 ἐν
679 2742 724 2839 spi
740 2757 823 2842 πρὸς
837 2757 976 2841 Χάρητα
992 2759 1190 2839 suessonensi
1207 2803 1215 2820 .
1233 2808 1240 2823 .
1259 2811 1265 2826 .
1289 2781 1355 2842 qua

193 2880 231 2924 re
266 2868 454 2925 commotus
490 2863 663 2944 Schaefer,
710 2863 738 2924 si
771 2866 863 2924 recte
903 2862 974 2925 eius
1007 2861 1112 2925 verba
1145 2863 1354 2948 interpretor,

195 2965 327 3028 videtur
350 2967 520 3028 censuisse
534 2965 709 3028 Pollucem
724 2966 810 3027 hacc
826 2983 869 3026 ex
883 2964 1148 3045 Harpocraticne
1164 2967 1354 3050 sumpsisse,

194 3068 229 3130 id
253 3068 343 3150 quod
366 3088 533 3150 nusquam
563 3070 687 3130 factum
711 3071 770 3131 est.
814 3069 917 3130 immo
941 3085 984 3130 ex
1005 3066 1064 3130 illo
1089 3086 1255 3132 consensu
1278 3087 1354 3134 con-

197 3159 398 3235 cludendum
418 3176 468 3234 est
489 3172 763 3254 Harpocrationis
783 3171 969 3234 doctrinam
986 3188 1055 3234 non
1072 3172 1176 3252 ipsius
1187 3175 1355 3255 propriam

198 3292 281 3356 esse,
314 3275 375 3338 sed
404 3274 540 3338 aliunde
569 3276 733 3338 haustam.
778 3273 950 3355 tripliciter
979 3277 1092 3336 autem
1114 3278 1261 3338 statuere
1282 3295 1356 3359 pos·

196 3397 325 3440 sumus:
356 3383 413 3439 aut
435 3377 612 3460 Didymus,
645 3396 746 3459 quem
768 3378 989 3457 Harpocratio
1020 3378 1107 3459 citat,
1138 3395 1280 3466 emore
1296 3398 1356 3442 suo

198 3483 341 3544 auctoris
364 3482 478 3543 neseio
503 3482 596 3543 cuins
620 3481 848 3543 testimonium
871 3481 1026 3560 apposnit
1049 3484 1083 3542 et
1110 3481 1221 3542 statim
1242 3484 1359 3546 reiecit

197 3589 298 3665 atque
320 3583 637 3670 hoctestimonium
651 3582 871 3665 Harpocratio
894 3583 1050 3665 propriae
1065 3582 1203 3664 Didymi
1225 3590 1356 3648 senten-

196 3688 263 3750 tiae
284 3687 441 3768 praetulit
464 3687 751 3769 autHarpocratio
768 3690 901 3769 praeter
917 3685 1102 3766 Didymnm
1122 3688 1194 3769 ipse
1217 3688 1357 3751 alterum

196 3791 291 3852 illum
321 3793 492 3852 auctorem
523 3789 674 3852 adhibuit
703 3793 761 3851 aut
789 3789 976 3862 communis
998 3789 1145 3852 Pollucis
1175 3794 1209 3851 et
1229 3791 1356 3873 Harpo-

199 3895 354 3956 crationis
377 3897 494 3955 auctor
514 3894 587 3975 ipse
608 3894 677 3956 iam
691 3893 876 3973 Didymum
892 3892 1048 3954 attulerat
1072 3895 1170 3975 eique
1185 3893 1239 3955 vel
1262 3913 1356 3958 suam

197 3997 252 4058 vel
275 3997 358 4059 alius
381 3997 549 4078 scriptoris
573 3997 774 4060 sententiam
795 3999 1006 4077 opposuerat.
1039 3995 1159 4057 certius
1175 3995 1358 4077 quidquam

197 4098 358 4180 indagare
378 4116 447 4162 non
470 4100 574 4180 potui.
604 4099 688 4162 illud
710 4117 790 4162 vero
813 4115 883 4160 nen
907 4101 957 4160 est
980 4115 1038 4158 cur
1053 4096 1253 4182 dubitemne,
1278 4101 1358 4181 quin

197 4201 287 4264 idem
311 4205 428 4266 auctor
451 4202 551 4264 etiam
572 4200 785 4265 iurisiurandi
807 4200 986 4263 formulam
1002 4199 1176 4282 addiderit,
1198 4202 1233 4262 in
1257 4221 1357 4284 quam

198 4305 320 4386 ephebi
340 4304 504 4367 iurabant.
549 4308 682 4386 praeter
695 4305 870 4367 Pollucem
893 4305 981 4366 hanc
1000 4302 1177 4366 formulam
1193 4303 1358 4370 Stobacus

199 4407 292 4470 floril.
305 4408 413 4470 XLIII
434 4403 475 4469 48
498 4409 652 4470 servavit.
683 4408 868 4470 communis
893 4407 985 4488 origo
1000 4423 1061 4488 per
1083 4423 1119 4466 se
1141 4408 1243 4486 patet.
1279 4428 1358 4471 nam

199 4528 287 4592 quae
310 4511 406 4572 aliter
429 4509 566 4574 exhibet
587 4509 762 4591 Stobaeus,
786 4528 827 4572 ea
849 4510 918 4571 fere
941 4507 1147 4571 diversarum
1175 4507 1356 4572 lectionum

1156 4617 1187 4670 3*
