3194 5136
807 426 851 488 48

756 517 905 524 -·--—----

253 637 318 697 hoc
340 637 421 697 mihi
436 653 512 716 non
536 635 689 716 contigit:
713 633 772 696 sed
794 632 922 713 dubito,
944 652 1026 694 num
1047 651 1197 715 unquam
1219 633 1413 714 investigari

249 740 364 820 possit.
408 756 477 801 non
506 739 626 819 aliena,
656 738 681 799 si
710 738 744 798 in
772 737 968 811 universum
997 739 1186 818 temporum
1216 734 1349 799 ordines
1379 741 1413 798 et

249 843 423 904 nominum
445 842 591 923 regionis
613 840 745 916 Atticae
773 839 975 921 mutationes
1003 844 1193 922 spectamus
1221 875 1262 884 -·
1290 841 1325 902 in
1348 840 1412 903 sin·

161 995 164 998 .
249 945 334 1026 gulis
357 944 514 1006 differunt
535 979 578 989 -
607 943 707 1006 tradit
732 943 917 1005 Pausanias
945 942 970 1024 Ι,
994 938 1024 1023 2,
1051 933 1091 1024 (i,⁴
1113 944 1169 1024 qui
1198 942 1288 1005 dicat
1314 960 1412 1024 reges

250 1047 407 1128 deinceps
442 1066 478 1110 se
512 1047 686 1128 excepisse
721 1044 907 1128 Cecropem
936 1043 1105 1108 Oranaum
1133 1045 1413 1129 Amphitryonem

247 1151 500 1213 Erichthonium
542 1150 755 1230 Atticamque
791 1153 915 1210 terram
951 1167 971 1210 a
1004 1146 1126 1212 Cranai
1168 1150 1237 1212 filia
1274 1144 1412 1212 Atthide

242 1249 385 1337 Ἀττικήν
407 1254 611 1336 appellatam
634 1271 717 1334 esse,
742 1270 818 1314 cum
834 1256 934 1314 antea
957 1253 988 1313 ei
1004 1246 1136 1313 Ἀκταίο
1157 1269 1282 1315 nomen
1303 1253 1410 1314 fuerit.

248 1357 354 1419 multo
377 1358 514 1438 propius
540 1355 583 1418 ad
599 1355 774 1419 Pollucem
793 1353 922 1417 accedit
909 1353 1167 1436 tApollodorus
1186 1352 1276 1436 apud
1297 1354 1410 1436 Steph.

248 1460 328 1539 Byr.
364 1462 524 1540 (quocum
558 1459 724 1522 consentit
685 1458 856 1521 tttEusa
821 1458 901 1528 tth
939 1455 982 1519 ad
1014 1457 1154 1538 Dionys.
1186 1458 1315 1540 Perieg
1349 1455 1411 1518 423

249 1563 371 1624 omisso
393 1560 594 1642 Apollodori
622 1554 921 1640 1161111116);Ακτή1
952 1553 1233 1642 οότωςηἊττικὴ
1264 1559 1412 1622 ἐκαλεῖτο

249 1659 316 1725 ἀπὸ
334 1659 480 1725 Ἀκταίου
503 1662 662 1738 τινός...
681 1657 923 1746 Ἀπολλόδωρος
946 1661 980 1722 δέ
1001 1657 1162 1723 τάναντία
1185 1665 1283 1744 φησίν
1306 1656 1411 1735 „odem

249 1889 326 1933 σαν·
349 1866 505 1951 τριγώνου
527 1865 590 1950 γὰρ
614 1863 710 1951 οὔσης
733 1867 771 1930 αἱ
791 1872 984 1930 συννέουσαι
1006 1867 1061 1928 ἐπὶ
1083 1865 1120 1928 τδ
1144 1865 1282 1929 Σούνιον
1304 1869 1412 1940 ἐκατέ-
1449 1857 1452 1862 ’

248 1977 359 2054 ρωδεν
392 1970 449 2034 δύο
483 1970 622 2054 πλευραί
654 1969 814 2094 παράλιοι
846 1968 1057 2052 τυγχάνουσι,
1098 1969 1137 2032 δι’
1173 1967 1211 2045 ἃς
1244 1973 1309 2033 τῶν
1343 1964 1410 2032 άπὸ

248 2081 415 2160 Κέκροπος
438 2072 551 2156 φυλῶν
572 2072 738 2155 τεττάρων
761 2069 886 2136 οόσων
884 2071 953 2136 δόο
981 2071 1248 2156 προσηγόρευσαν
1263 2069 1412 2136 Ἀκταίαν

248 2181 303 2241 καὶ
330 2175 538 2259 Παραλίον“
569 2177 681 2259 quod
716 2179 834 2240 attinet
821 2177 909 2239 tad
938 2177 1058 2258 phylas
1094 2174 1225 2240 Cranao
1261 2176 1411 2257 tributae,

248 2283 354 2344 unius
368 2298 493 2343 nomen
523 2299 728 2362 quamquam
750 2259 931 2361 paululum
959 2280 1171 2341 immutatum
1199 2280 1294 2342 novit
1281 2225 1412 2341 itdeui

249 2384 361 2465 seph
390 2384 470 2462 Byz.
489 2385 656 2505 Arouaia:
686 2380 772 2464 φολη
803 2405 858 2465 της
882 2376 1030 2465 Ἀττικῆς,
1064 2376 1144 2464 ἣν
1132 2376 1207 2443 ὤκει
1234 2376 1410 2456 Πάλλαςό

249 2471 430 2559 Πανδίονος
464 2482 554 2568 υἱός.Ὶ
588 2482 621 2546 οἱ
657 2482 795 2568 δημόται
834 2488 1006 2565 Διακριεῖς.
1051 2484 1182 2567 reliqua
1220 2503 1328 2566 usque
1368 2484 1411 2546 ad

247 2589 426 2654 Erechthei
453 2588 718 2650 dominationem
746 2575 884 2650 nomina
910 2587 1021 2669 phylis
1036 2577 1161 2648 ¹Atticis
1191 2587 1281 2670 apud
1309 2588 1412 2649 alium

249 2693 454 2774 scriptorem,
482 2693 645 2771 quantum
668 2690 748 2770 scio,
770 2707 840 2777 non
863 2688 1062 2770 tribuuntur,
1091 2689 1151 2751 sed
1173 2695 1265 2770 patet
1288 2708 1307 2752 e
1329 2690 1411 2752 locis

249 2795 357 2858 allatis
383 2792 522 2856 fabellas
547 2793 622 2855 illas
647 2810 716 2855 nou
742 2792 888 2854 Pollucis
914 2791 970 2854 161
997 2791 1067 2853 eius
1094 2793 1238 2854 auctoris
1260 2792 1411 2874 proprias

248 2900 365 2980 luisse,
405 2894 475 2964 sed.
496 2896 648 2978 vulgatas
688 2897 774 2958 inter
806 2895 984 2976 scriptores
1016 2910 1086 2955 non
1118 2895 1216 2956 nimis
1248 2899 1410 2958 recentes.

250 3019 337 3083 quae
365 2997 487 3061 deinde
516 2997 559 3060 de
588 2997 812 3060 celeberrimis
841 2996 906 3059 11115
937 2999 1094 3078 quattuor
1119 2997 1240 3078 phylis,
1268 3001 1340 3059 tum
1369 2997 1411 3059 de

249 3105 368 3167 decem
391 3121 411 3163 a
439 3099 610 3163 Clisthene
638 3100 796 3162 institutis
825 3099 1011 3180 traduntur⁷
1038 3099 1218 3161 Erechthei
1238 3101 1411 3162 mentione

249 3208 392 3286 excepta
425 3207 503 3265 sunt
537 3203 672 3284 eadem,
708 3219 795 3283 quae
829 3199 1022 3263 Herodotus
1051 3201 1091 3282 V,
1120 3198 1160 3262 66
1196 3200 1412 3284 (Κλεισθένης

249 3304 329 3391 ἀνὴρ
353 3301 614 3389 Ἀλκμαιωνίδης,
650 3298 750 3388 ὅσπερ
786 3301 822 3386 δη
858 3301 955 3383 λόγον
988 3300 1054 3383 ἔχει
1086 3300 1143 3386 την
1170 3307 1303 3387 Πυθίην
1333 3301 1409 3366 ἀνα·

250 3417 361 3473 πεῖσαι
387 3453 395 3468 .
423 3452 431 3467 .
459 3452 467 3468 .
498 3405 583 3488 μετὰ
619 3405 654 3468 δὲ
685 3403 909 3489 τετραφύλους
944 3401 1058 3478 ἐόντας
1093 3401 1285 3488 Ἀθηναίους
1318 3407 1410 3470 δεκα-

249 3510 371 3596 φόλους
393 3512 536 3594 ἐποίησε,
564 3513 631 3580 τῶν
647 3500 759 3584 Ἴωνος
788 3507 915 3570 παίδων
942 3505 1117 3582 Γελέοντος
1145 3510 1201 3600 nal
1226 3508 1410 3595 Αἰγικόρεος

248 3617 303 3678 καὶ
319 3609 478 3695 Ἀργάδεω
501 3614 557 3676 καὶ
569 3607 729 3696 Ὅπλητος
753 3607 946 3686 ἀπαλλάξας
967 3605 1027 3685 τάς
1049 3611 1246 3695 ἐπωνυμίας,
1269 3611 1408 3695 ἐξευρών

189 3795 191 3798 Ι
249 3717 279 3781 δ’
303 3718 423 3798 ἐτέρων
442 3711 556 3799 ἡρώων
577 3716 764 3796 ἐπωνυμίας
786 3715 994 3796 ἐπιχωρίων),
1021 3717 1099 3795 post
1121 3731 1198 3776 eum
1220 3715 1278 3776 alii
1298 3716 1412 3796 Pythii

247 3821 413 3903 Apollinis
435 3821 470 3881 in
492 3820 587 3881 noris
602 3817 794 3880 nominibus
818 3815 980 3900 eligendis
1004 3834 1141 3898 operam
1158 3803 1305 3898 apertius
1325 3820 1409 3880 refe·

247 3927 360 3986 rentes
388 3921 571 3984 memoriae
598 3919 827 4002 prodiderunt.
871 3920 1039 4001 legitimus
1067 3920 1246 4001 phylarum
1274 3920 1356 3983 ordo
1390 3941 1412 3983 a

248 4026 389 4089 Polluce
411 4025 496 4086 sicut
518 4043 539 4085 a
562 4023 680 4086 ceteris
705 4023 748 4100 (si
762 4023 872 4101 Etym.
889 4022 998 4104 Magn.
1022 4044 1053 4086 1.
1077 4021 1242 4103 ἐπώνυμοι
1266 4025 1407 4105 excipis)

248 4130 444 4212 neglegitur.
475 4128 510 4189 in
524 4127 740 4190 Alcmaeonis
755 4144 890 4209 nomen,
914 4127 984 4189 5116
1001 4127 1190 4208 corruptela
1205 4128 1275 4188 sive
1299 4144 1410 4189 onore

249 4235 336 4312 sive,
370 4230 405 4293 id
435 4229 526 4312 quod
560 4230 641 4293 mihi
674 4230 951 4292 verisimillimum
979 4228 1126 4312 videtur,
1156 4233 1300 4310 utroque
1328 4231 1408 4293 uitio

250 4340 360 4398 ortum
382 4338 446 4415 est,
474 4352 600 4396 nomen
623 4331 801 4397 Clisthenis
823 4332 1087 4396 Alcmaeonidae
1116 4333 1238 4396 abiisse
1260 4331 1336 4395 luce
1359 4339 1409 4394 est

250 4437 379 4499 clarius.
419 4437 518 4498 simili
545 4436 606 4498 sed
633 4437 742 4498 minus
771 4437 864 4518 gravi
891 4436 969 4499 labe
993 4437 1135 4504 infectus
1159 4440 1210 4499 est
1231 4436 1410 4498 scholiasta

250 4537 381 4601 Aristid.
411 4539 548 4602 roilli
575 4559 607 4620 p.
637 4537 696 4601 331
729 4538 892 4620 Dindorl.‚
922 4538 1041 4601 eadem
1071 4557 1158 4621 quae
1185 4539 1318 4619 Pollux,
1349 4538 1408 4600 sed
