3194 5136
648 411 651 416 -
739 345 876 446 ..-44-

319 553 461 616 Restant
484 551 575 636 ἔθνη,
601 573 742 636 quorum
761 557 939 638 explicatio
956 575 1025 619 non
1040 559 1102 620 nisi
1118 557 1207 639 apud
1221 556 1394 620 Pollucem

235 660 352 718 exstat.
398 661 499 738 atque
527 659 699 739 praeclare
726 660 780 722 hic
808 659 996 724 Aristotelis
1026 663 1227 724 sententiam
1256 664 1394 722 eatenus

235 760 389 841 servavit,
411 761 503 823 utin
526 746 662 842 singulis
684 763 794 844 phylis
825 768 858 825 et
887 763 1076 845 cupatrides
1107 768 1140 826 61
1162 781 1339 851 geomoros
1363 767 1396 824 et

236 862 426 944 damiurgos
449 865 551 926 fuisse
574 869 749 947 appareat:
774 864 818 940 εἰς
841 869 915 946 τρία
938 872 1018 948 μέρη
1034 863 1153 948 ἑκάστη
1178 866 1262 946 (scil.
1292 863 1394 948 φυλή)

235 955 374 1050 διῄρητο,
404 967 458 1042 καὶ
487 965 523 1029 τὸ
546 963 645 1051 μέρος
672 971 769 1030 τοῦτο
797 967 1020 1030 ἐκαλεῖτο...
1044 970 1098 1031 καὶ
1121 967 1295 1042 ἔθνος...
1317 970 1394 1048 τρία

235 1067 265 1128 δ’
289 1091 327 1151 ην
348 1065 390 1130 τὰ
413 1065 496 1152 ἔθνη
512 1067 628 1142 πάλαι,
651 1065 854 1153 εὐπατρίδαι,
878 1069 1046 1154 γειομόροι,
1070 1069 1267 1154 δημιουργοί.
1296 1071 1394 1133 huius

234 1172 482 1254 significationis
515 1173 673 1236 vocabuli
706 1171 805 1247 ἔθνος
838 1174 1014 1256 vestigium
1043 1179 1218 1256 praeterea
1249 1175 1395 1256 reperies

235 1276 334 1337 etiam
359 1275 449 1357 apud
469 1275 676 1360 Hesychium
705 1275 908 1360 ὄημιονργόςε
941 1279 996 1340 ἐπὶ
1025 1281 1085 1357 μὲν
1113 1281 1178 1340 τῶν
1202 1273 1330 1359 ἀνδρῶν
1358 1273 1394 1338 τὸ

158 1453 159 1458 ¹
227 1375 333 1470 ἔθνος
345 1375 479 1462 ἐκλήθη,
495 1371 544 1440 ὅτι
554 1385 754 1460 χειροτέχναι
765 1368 849 1464 ἦσαν
861 1381 916 1442 καὶ
927 1378 1088 1462 βάναυσοι
1106 1427 1112 1440 .
1129 1430 1134 1442 .
1156 1427 1163 1442 .
1180 1381 1396 1444 Aristotelem

233 1499 314 1543 vero
345 1498 385 1543 eo
410 1499 476 1562 quo
501 1499 563 1564 ego
586 1485 688 1546 statui
714 1484 791 1547 loco
816 1484 858 1547 de
882 1485 986 1548 tribus
1007 1485 1072 1547 illis
1095 1484 1265 1548 ordinibus
1290 1485 1397 1566 egisse

235 1587 351 1646 auctor
374 1591 423 1648 est
446 1584 549 1648 schol.
572 1586 657 1649 Plat.
679 1586 822 1650 Axioch.
851 1599 954 1670 ‘supra
976 1589 1107 1670 allatus,
1134 1589 1170 1663 in
1193 1605 1259 1670 quo
1283 1591 1395 1650 tamen

235 1692 368 1769 praeter
392 1689 533 1752 omissos
557 1689 748 1771 cupatridas
773 1693 825 1768 (ut
846 1681 948 1772 paulo
971 1695 1049 1773 post
1077 1688 1160 1774 ἔθνη
1185 1693 1395 1769 omittuntur)

234 1792 342 1873 prima
364 1809 432 1854 non
455 1793 543 1854 iusto
566 1792 643 1855 loco
665 1794 775 1874 posita
798 1811 872 1856 6116
895 1799 994 1856 etex
1016 1812 1093 1856 mea
1108 1795 1397 1877 argumentatione

236 1887 382 1958 elucebit
405 1899 438 1956 et
460 1894 584 1958 11116116
601 1895 844 1959 demonstrabit
857 1896 959 1978 Harp.
975 1918 1005 1958 v.
1030 1901 1193 1979 γεννῆταιῑ
1212 1943 1219 1958 .
1235 1945 1268 1963 ..
1292 1897 1396 1982 διῃρη-

233 2003 340 2079 μένων
361 1994 422 2080 γὰρ
447 1991 690 2060 ἁπάντωντῶν
713 1996 856 2061 πολιτῶν
871 1995 957 2060 κατὰ
979 2004 1070 2081 μέρη,
1091 1997 1141 2061 τὰ
1163 2002 1236 2080 μὲν
1258 2003 1396 2082 πρῶτα

234 2101 301 2162 καὶ
323 2104 490 2180 μέγιστα
517 2105 614 2182 μέρη
637 2099 813 2163 ἐκαλοῦντο
836 2100 948 2181 φυλαί.
992 2101 1052 2164 sed
1073 2107 1110 2164 ut
1130 2103 1214 2165 haec
1235 2102 1398 2176 Pollucea

235 2205 360 2286 optime
389 2221 425 2265 se
453 2202 594 2284 habent,
630 2204 677 2265 sic
704 2204 834 2286 reliqua
862 2205 1073 2286 gravissimas
1102 2205 1266 2287 praebent
1295 2205 1396 2267 offen·

234 2309 355 2371 siones.
405 2306 667 2369 Aristotclemne
696 2311 845 2389 putasse,
874 2311 912 2369 ut
939 2308 1071 2390 reliqua
1101 2309 1267 2391 omittam,
1297 2310 1397 2371 etiam

235 2411 308 2474 'llos
332 2409 465 2473 ordines
494 2407 607 2492 (ἔθνη)
637 2412 672 2472 11
700 2429 761 2473 sua
790 2413 959 2492 quemque
987 2410 1091 2492 phyle
1120 2413 1253 2493 triginta
1281 2415 1397 2493 gentes

233 2513 413 2576 habuisse?
462 2511 522 2575 sed
558 2531 612 2575 ras
645 2513 803 2576 t'acillirne
835 2518 947 2596 potest
982 2514 1165 2595 explanari.
1223 2532 1397 2596 compares

233 2616 406 2679 Pollucem
431 2615 524 2695 (inde
547 2615 588 2678 ab
613 2615 752 2678 ἑκάστου
775 2617 810 2678 δὲ
832 2614 953 2691 ἔθνους
967 2636 1076 2699 usque
1099 2615 1395 2699 1111προσαγορενό-

234 2723 342 2799 μενοι)
363 2738 439 2781 cum
450 2719 553 2783 schol.
567 2719 650 2782 Plat.
666 2719 806 2783 Axioch.
820 2724 853 2783 61
863 2722 1012 2803 inprimis
1032 2739 1107 2782 cum
1118 2720 1219 2802 Harp.
1233 2723 1397 2804 γεννῆταιε

235 2841 397 2905 agnosces
421 2840 634 2885 communem
657 2823 828 2905 originem,
849 2822 1065 2886 Aristotelem
1084 2825 1205 2886 iterum
1228 2825 1282 2902 (61.
1295 2843 1326 2904 p.
1340 2819 1396 2900 42)

236 2945 312 2988 cum
337 2925 538 2988 Philochoro
569 2926 796 2988 commixtum.
847 2927 961 3009 itaque
989 2943 1058 2988 non
1087 2923 1236 3008 611111ιή
1265 2924 1325 2988 sed
1354 2923 1398 2987 ad

195 3098 198 3103 ,
233 3030 396 3111 phratrias
414 3027 472 3090 illa
486 3027 634 3090 Pollucis
645 3029 815 3109 pertinent
826 3034 928 3111 atque
946 3028 1397 3108 61111111ριακάόων11611116,

236 3151 337 3213 quam
367 3131 469 3193 schol.
498 3131 629 3193 Platon.
666 3136 699 3192 et
727 3131 827 3213 Harp.
859 3133 1025 3213 omittunt,
1064 3136 1197 3213 praeter
1223 3130 1398 3193 Pollucem

235 3235 326 3298 solus
352 3233 498 3314 Hesych.
528 3235 633 3316 tangit
660 3231 812 3314 τριακάςῑ
840 3230 860 3318 ἦ
898 3233 1069 3318 τριακοστὴ
1099 3237 1155 3296 τοῦ
1184 3232 1292 3316 μηνός.
1343 3233 1397 3294 καὶ

237 3335 385 3420 σύστημα
405 3357 436 3398 τι
457 3339 523 3398 τῶν
545 3334 700 3413 πολιτῶν,
725 3319 915 3400 necessario
940 3341 1046 3400 61166
1069 3336 1254 3399 referenda.
1284 3339 1397 3417 restat,

235 3448 467 3522 1161161111,
493 3439 663 3521 quomodo
680 3442 803 3525 facturn
826 3442 877 3529 111,
900 3445 937 3502 ut
957 3441 1076 3502 intem
1092 3457 1228 3521 gravem
1252 3457 1397 3502 errorem

237 3543 400 3608 incideret
421 3543 544 3606 Pollux
574 3544 644 3622 (vel
671 3545 783 3625 potius
807 3543 877 3605 eius
907 3545 1049 3620 auctor).
1095 3543 1206 3603 ἐθνῶν
1228 3541 1396 3623 discriptio

158 3635 162 3644 ⁴
237 3647 403 3710 consentit
426 3664 502 3706 cum
524 3650 694 3727 φρατριῶν
717 3644 824 3727 (apud
846 3646 947 3727 Harp.
972 3649 1005 3708 61
1029 3665 1109 3707 cum
1131 3645 1286 3708 breviore
1309 3643 1399 3725 apud

123 3793 125 3798 -
235 3753 345 3833 ipsum
366 3749 450 3811 Poll.
474 3747 522 3810 ΠΙ
544 3748 612 3830 52),
637 3767 713 3810 cum
729 3752 871 3828 utraque
893 3749 973 3809 facit
996 3747 1086 3829 apud
1100 3747 1274 3810 Pollucem
1298 3748 1398 3808 etiam

158 3901 167 3920 ,
235 3851 362 3934 τριττύς
384 3853 418 3914 11
435 3869 475 3913 ea
489 3869 536 3932 16,
561 3851 650 3932 quod
668 3870 710 3914 ex
727 3852 859 3933 triginta
881 3851 1035 3932 gentibus
1059 3851 1245 3913 constitisse
1268 3849 1396 3911 dicitur.

235 4061 393 4130 scholiasta,
412 4060 435 4111 si
454 4058 603 4125 ePolluce,
622 4058 670 4126 qui
687 4056 850 4110 Aristotelia
868 4055 1041 4124 aliquantum
1059 4058 1221 4120 mutaverat,
1240 4053 1397 4106 describens

235 4148 416 4200 nihilominus
434 4146 523 4214 ipsius
541 4144 705 4212 philosophi
728 4144 814 4195 verba
832 4143 919 4212 (apud
937 4143 1035 4211 Harp.)
1059 4143 1147 4193 611611.
1193 4139 1264 4192 illud
1292 4138 1397 4208 ,,1111116“

236 4250 292 4303 quo
315 4235 433 4286 referam
457 4233 510 4283 nisi
539 4230 574 4282 ad
597 4246 743 4282 numerum
766 4230 927 4299 phylarum,
957 4231 1059 4282 nescio.
1078 4229 1119 4279 sin
1145 4243 1180 4278 ex
1198 4227 1289 4294 Etym.
1308 4227 1398 4294 Magn.

235 4340 261 4374 v.
291 4313 393 4387 τριττύς
422 4319 475 4370 hoc
503 4317 629 4370 scholion
654 4319 863 4386 nanasariptum
891 4321 986 4385 11111111,
1019 4316 1111 4368 obstat
1138 4314 1256 4365 eximius
1284 4314 1313 4364 in
1345 4314 1399 4364 line

197 4473 201 4483 .
236 4423 385 4462 consensus
414 4421 476 4457 cum
494 4404 617 4457 Polluce.
652 4406 746 4472 ipsum
773 4404 953 4457 Aristotelem
980 4403 1015 4456 ab
1045 4401 1099 4453 hoc
1118 4400 1267 4453 scholiasta
1286 4401 1399 4450 citatum

236 4510 320 4568 snpra
338 4493 468 4548 vidimus.
