3180 5136
699 401 851 502 -61-

191 606 308 670 valere
336 605 471 682 debent,
501 624 603 687 quam
630 609 858 672 recentiorum
887 609 943 671 vel
964 611 1253 692 ingeniosissime
1283 627 1359 673 cou-

191 708 371 772 iecturae.“

278 811 386 875 Recte
407 811 475 872 iam
499 810 764 875 observaverunt
787 817 820 888 §§
846 810 906 873 117
913 810 1026 875 -120
1056 813 1230 895 complura
1253 815 1358 876 61)6-

191 905 637 993 6166116616Α11616616166,
665 915 815 996 inprimis
839 919 854 991 §
878 911 1028 997 65-79,
1049 916 1275 993 1666166666,
1298 916 1359 979 sed

190 1036 273 1078 num
296 1019 362 1077 tam
387 1015 503 1098 multa,
527 1033 629 1097 quam
650 1016 817 1098 Philippio
847 1016 1034 1099 videbatur,
1064 1019 1182 1080 11161116
1214 1018 1359 1082 dubitari

190 1121 316 1200 potest.
339 1118 419 1179 satis
443 1118 505 1179 en't
526 1137 632 1179 unum
655 1119 849 1201 exemplum
870 1119 1060 1201 protulisse.
1089 1121 1187 1183 Dem.
1203 1119 1224 1182 l.
1241 1121 1262 1182 l.
1286 1118 1358 1197 §69

190 1223 238 1282 116
271 1217 364 1283 dicit:
404 1217 463 1282 τὸν
480 1218 657 1303 πρότερον
689 1218 815 1295 ἔξεστιν
849 1221 984 1284 εἰπόντα
1017 1220 1114 1302 λόγον
1146 1227 1357 1306 μεταστῆναι,

190 1322 314 1385 Pollux
337 1327 352 1399 5
378 1320 438 1385 117
460 1321 543 1401 μετὰ
567 1320 602 1383 δὲ
624 1321 682 1386 τὸν
704 1322 866 1404 πρότερον
895 1322 992 1403 λόγον
1020 1326 1092 1407 ἐξῆν
1121 1331 1245 1406 φυγεῖν,
1274 1323 1360 1409 πλὴν

194 1422 285 1500 εἴτις
301 1430 415 1505 γονέας
430 1421 478 1507 εἴη
495 1424 691 1498 ἀπεκτονώς.
724 1431 839 1489 666661
852 1427 998 1508 Philippi
1020 1425 1054 1511 (l.
1071 1427 1092 1488 l.
1108 1447 1140 1508 p.
1157 1424 1198 1488 96
1214 1432 1283 1491 not.
1300 1425 1356 1508 38)

190 1528 365 1591 Pollucem
389 1545 408 1589 e
430 1527 661 1591 Demosthene
683 1525 835 1590 hausisse
858 1533 891 1592 et
912 1529 1042 1609 reliqua
1063 1530 1178 1591 nescio
1202 1529 1293 1591 unde
1316 1567 1358 1576 -

191 1649 358 1712 nusquam
382 1631 470 1692 enim
493 1628 574 1692 alibi
588 1629 765 1692 traduntur
778 1667 822 1676 -
837 1630 1015 1694 addidisse.
1052 1631 1114 1692 tria
1129 1633 1243 1694 autem
1258 1634 1360 1695 statui

191 1737 347 1816 possunt:
372 1737 430 1794 aut
451 1732 599 1794 Pollucis
622 1737 739 1796 auctor
762 1751 781 1795 e
803 1734 1034 1797 Demosthene
1056 1734 1167 1795 hausit
1190 1739 1223 1795 et
1246 1739 1358 1797 cetera

191 1837 285 1898 nullo
309 1835 375 1899 alio
399 1839 537 1897 auctore
566 1833 716 1896 adhibito
745 1836 818 1917 ipse
841 1835 1003 1898 confinxit
1031 1839 1090 1898 aut
1116 1837 1229 1917 priora
1252 1854 1271 1899 6
1292 1838 1359 1900 De-

191 1939 369 2002 mosthene
383 1938 533 2018 smnpsit,
549 1937 737 2017 posteriora
752 1955 795 2000 ex
811 1937 877 1999 alio
894 1941 1106 2008 6661616661
1121 1941 1229 2001 161661
1243 1939 1358 2002 166661

193 2059 236 2104 ex
259 2041 325 2104 alio
349 2039 532 2118 descripsit.
577 2039 722 2120 primurn
744 2040 1105 2104 66116661161611666
1129 2046 1272 2123 cogente
1295 2047 1359 2104 sta-

192 2149 287 2206 tuere
314 2143 459 2207 levitatis
488 2146 547 2225 est,
578 2160 647 2205 non
676 2159 779 2205 verae
808 2143 943 2205 criticae
971 2145 1059 2207 artis.
1104 2148 1232 2206 restant
1259 2145 1360 2226 igitur

194 2246 325 2328 reliqua
348 2246 426 2309 duo.
457 2248 559 2326 atque
589 2262 633 2307 ex
654 2246 705 2307 his
734 2244 871 2326 quidem
892 2251 1004 2308 utrum
1027 2245 1285 2328 praeferendum
1308 2249 1359 2331 sit,

193 2346 423 2411 difficillimum
451 2353 501 2410 est
530 2347 573 2409 ad
602 2345 863 2412 diiudicandum.
908 2350 937 2411 si
966 2349 1055 2411 enim
1084 2349 1189 2412 verba
1217 2347 1303 2432 πλὴν
1331 2347 1365 2412 εἴ

191 2473 239 2526 τις
261 2457 374 2532 γονέας
397 2447 445 2532 εἴη
469 2445 657 2523 ἀπεκτονώς
680 2451 833 2532 scriptori
856 2450 955 2513 6116111
978 2449 1154 2532 debentur,
1182 2453 1216 2513 111
1240 2453 1358 2515 161116

191 2554 282 2617 idem
309 2553 451 2636 scriptor
480 2554 552 2616 sine
580 2552 651 2614 ulla
680 2551 890 2616 dubitatione
920 2553 1041 2616 eodem
1069 2554 1146 2617 loco
1176 2555 1299 2617 similia
1320 2556 1359 2617 iis

192 2655 329 2738 addidit,
353 2673 441 2738 quae
464 2655 554 2737 apud
576 2653 752 2717 Pollucem
774 2654 982 2736 praecedunt
1005 2661 1039 2718 et
1054 2656 1144 2738 apud
1158 2645 1358 2720 Dem'osthe·

191 2777 270 2821 nem
293 2759 366 2821 sola
388 2762 522 2820 exstant
554 2793 583 2802 ·-·
620 2758 692 2820 sine
720 2757 771 2819 his
795 2758 884 2819 enim
910 2756 969 2819 illa
998 2759 1136 2839 cogitari
1167 2759 1269 2839 plane
1290 2778 1359 2823 non

191 2865 342 2943 possunt.
372 2864 484 2942 potest
500 2860 601 2942 igitur
612 2863 701 2922 totus
714 2859 810 2922 locus
826 2877 869 2921 ex
885 2859 944 2921 illo
957 2861 1120 2940 scriptore
1137 2859 1210 2922 solo
1224 2860 1359 2924 fluxisse

191 2963 294 3044 idque
317 2961 532 3025 statuendum
556 2962 627 3044 erit,
650 2961 841 3024 uisiverba
863 2961 1039 3042 (hocloco
1063 2962 1302 3025 Demosthenis
1326 2969 1360 3025 et

192 3063 353 3150 Pollucis)
377 3070 446 3127 tarn
460 3065 638 3145 manifesto
659 3065 746 3126 16161
768 3083 805 3126 66
829 3065 1031 3147 conspirant,
1054 3070 1092 3128 ut
1114 3063 1157 3127 de
1179 3066 1276 3128 tertio
1300 3068 1358 3129 vix

193 3169 331 3251 cogitari
352 3168 467 3250 possit.
499 3171 602 3250 atque
614 3167 692 3230 talis
712 3185 895 3234 consensus
917 3168 998 3230 mihi
1020 3185 1061 3230 6ο
1078 3166 1204 3249 dequo
1229 3169 1358 3250 agimus

191 3272 366 3333 16666666
395 3288 463 3333 11611
492 3269 634 3332 videtur.
680 3271 811 3333 etiamsi
838 3275 952 3333 autem
980 3272 1093 3352 priora
1119 3271 1358 3335 Demosthenis

193 3376 315 3454 essent,
338 3377 451 3435 tamen
474 3373 555 3454 quin
570 3374 757 3454 posteriora
780 3377 814 3435 61
834 3374 908 3455 ipsa
921 3372 1099 3455 locupletis
1116 3374 1260 3436 auctoris
1283 3375 1358 3456 siut,

191 3494 261 3540 non
282 3475 374 3557 pn'us
397 3473 552 3537 dubitare
573 3473 696 3556 licebit,
720 3492 823 3555 quam
844 3475 976 3538 idoneis
999 3476 1203 3557 argumentis
1220 3493 1261 3538 ea
1275 3477 1360 3539 falsa

193 3596 267 3642 esse
289 3577 555 3640 demonstratum
579 3577 649 3639 erit.
694 3577 828 3658 saepius
857 3577 947 3639 enim
975 3576 1065 3659 apud
1087 3577 1272 3660 Pollucem,
1302 3580 1360 3660 qui

192 3698 303 3764 paene
325 3697 459 3760 semper
479 3679 618 3741 nomina
640 3682 816 3742 auctorum
839 3678 971 3761 omittit,
1001 3678 1144 3742 duorum
1168 3681 1359 3743 testimonia

191 3785 240 3845 116
262 3781 469 3863 coaluerunt,
493 3785 539 3862 ut,
561 3781 626 3842 nisi
648 3779 785 3844 aliunde
808 3782 971 3864 originem
994 3783 1165 3864 sciremus,
1188 3800 1231 3844 ue
1253 3783 1357 3864 suspi-

194 3903 347 3948 caremur
363 3882 499 3966 quidem
521 3884 555 3945 in
571 3900 640 3946 uno
665 3885 838 3947 enuntiato
854 3902 918 3948 nos
941 3883 1026 3948 duos
1045 3890 1200 3948 auctores
1221 3884 1357 3948 habere.

191 4004 341 4070 provoco
371 3986 415 4048 ad
442 3985 744 4049 luculentissimum
775 3987 968 4051 huiusmodi
997 3988 1204 4068 exemplum:
1240 3984 1296 4048 driu
1326 3985 1359 4048 δ’

190 4079 285 4174 ἦσαν,
314 4084 331 4152 ὁ
362 4093 422 4168 μὲι
450 4090 505 4170 τῆς
533 4086 666 4172 βουλῆς,
691 4082 709 4151 ὅ
734 4087 768 4149 δὲ
789 4091 845 4171 τῆς
868 4087 1052 4171 διοικήσεως
1080 4088 1110 4173 (ᾗ
1134 4087 1201 4169 99).
1248 4089 1358 4152 elucet

192 4193 301 4275 igitur,
326 4194 451 4273 quanta
474 4191 508 4252 in
530 4191 580 4254 his
602 4191 704 4253 rebus
728 4191 838 4253 cautio
862 4191 1054 4254 adlubenda
1076 4193 1127 4254 sit.
1163 4210 1242 4253 6661
1267 4190 1357 4272 quod

193 4294 323 4357 dehoc
350 4293 427 4354 loco
458 4291 635 4375 disputavi,
662 4290 753 4353 idem
774 4292 810 4353 in
838 4293 1028 4374 complures
1054 4294 1159 4355 nostri
1188 4295 1357 4375 scriptoris

192 4397 287 4459 locos
309 4394 410 4457 valet.
455 4395 522 4455 iarn
545 4393 677 4474 singula
698 4391 948 4474 perlustramus.
