3194 5136
178 640 295 740 quales
317 677 417 741 supra
438 657 545 741 posui,
572 657 723 740 partibus
745 657 942 735 (minimum
972 657 1118 736 duabus)
1147 658 1175 719 si
1203 673 1272 720 non
1295 655 1337 718 ab

176 762 250 843 ipso
278 762 418 824 Polluce
454 765 543 824 certe
571 760 614 822 ab
650 766 789 823 auctore
818 761 889 823 eius
925 759 1137 843 conscriptis,
1170 761 1206 822 in
1235 758 1338 822 dubio

177 865 340 946 relinquo.
385 865 550 946 posterius
574 881 614 926 eo
646 861 911 945 commendatur,
942 863 1033 945 quod
1062 863 1205 943 σχοινίον
1226 859 1338 943 μεμιλ-

178 962 323 1048 τωμένον
345 986 414 1030 una
437 985 513 1028 curn
536 965 816 1048 praecedentibus
840 965 883 1029 ad
901 967 1065 1029 comicum
1083 966 1223 1046 eiusque
1246 982 1338 1027 enar-

177 1075 305 1134 ratores
328 1074 481 1152 spectare
504 1070 637 1154 videtur
659 1070 745 1148 (noli
766 1087 848 1133 vero
865 1061 1017 1132 arbitrari
1039 1086 1094 1153 rne
1116 1070 1203 1130 hanc
1225 1084 1297 1129 rem
1320 1085 1341 1130 a

178 1175 306 1236 cornico
330 1173 442 1236 fictam
470 1173 645 1254 iudicare),
674 1173 804 1254 reliqua
826 1172 869 1235 ad
900 1177 1066 1252 oratores3
1096 1170 1219 1234 deinde
1249 1169 1341 1252 quod

177 1276 262 1338 haee
284 1276 348 1339 illis
373 1277 451 1338 satis
475 1275 617 1357 abrupte
640 1274 875 1357 adiunguntur,
898 1279 936 1337 ut
956 1274 1055 1337 huius
1086 1275 1340 1357 coniunctionis,

179 1398 255 1441 oum
288 1375 493 1463 ληξιαρχικὸν
526 1383 747 1460 γραμματεῖον
768 1377 877 1460 apud
911 1377 1109 1441 demarchos
1148 1395 1217 1440 non
1251 1376 1341 1458 apud

178 1483 367 1544 laxiarchos
396 1482 511 1564 fuerit,
546 1481 640 1543 nulla
669 1481 736 1543 alia
770 1500 872 1544 causa
900 1498 1062 1564 apparere
1096 1479 1251 1542 videatur
1278 1480 1342 1541 uisi
1399 1555 1402 1562 Ι

177 1584 327 1665 ipsorum
355 1585 529 1647 nominum
558 1584 749 1647 similitude.
799 1585 890 1666 prius
922 1589 1034 1647 autem
1062 1602 1198 1666 prorsus
1221 1584 1342 1665 impro-

177 1687 291 1750 babile
305 1686 383 1750 ideo
399 1706 469 1750 non
485 1691 544 1769 est,
562 1687 653 1768 quod
669 1687 812 1768 abrupta
825 1687 884 1751 illa
896 1688 1001 1750 oratio
1015 1687 1112 1750 facile
1123 1672 1254 1750 Pellaei
1265 1686 1341 1749 scri-

177 1791 281 1872 ptoris
293 1789 398 1852 verba
408 1791 505 1853 ninris
522 1790 731 1853 contrahenti
745 1790 846 1853 tribui
859 1793 972 1872 potest
987 1793 1021 1852 et
1035 1794 1211 1871 praeterea
1224 1805 1344 1850 revera

179 1891 269 1973 apud
289 1893 464 1956 Pollucem
489 1892 592 1974 idque
620 1894 710 1955 hunc
738 1893 845 1955 solum
874 1893 1012 1955 rationis
1040 1893 1127 1955 inter
1153 1891 1342 1954 laxiarchos

180 1999 213 2056 et
240 1994 459 2057 lexiarchieas
487 1994 620 2064 tabulas
646 1994 884 2058 intercedentis
912 1994 1074 2058 indicium
1103 1995 1254 2076 quamvis
1284 1993 1340 2057 ob-

180 2115 313 2160 scurum
333 2103 439 2161 restat
452 2099 563 2161 verbis
579 2101 644 2160 τῶν
660 2095 803 2161 πολιτῶν
819 2099 1082 2179 ἐγγεγραμμένων
1097 2098 1133 2160 ἐν
1148 2094 1342 2178 λουκοίματι,

181 2199 272 2280 quod
292 2199 451 2263 indicium
468 2220 489 2263 a
503 2201 650 2283 reliquis,
673 2202 737 2264 nisi
753 2201 833 2282 quid
849 2218 904 2262 me
919 2201 1011 2283 fugit,
1035 2201 1136 2282 plane
1151 2200 1343 2282 neglectum

181 2303 371 2364 observavit
383 2301 419 2366 O.
431 2304 467 2365 F.
480 2303 653 2366 Hermann
666 2302 833 2366 Staatsalt.
849 2300 920 2384 121,
933 2301 961 2365 5.
990 2291 1167 2386 praeterea
1182 2287 1342 2384 suspicari
1367 2383 1370 2392 ‘

180 2405 268 2485 licet,
291 2405 376 2467 sicut
397 2407 463 2467 iam
487 2405 529 2470 ab
560 2407 632 2468 aliis
660 2407 786 2468 factum
815 2410 874 2488 est,
905 2424 981 2468 cum
996 2407 1164 2480 ‚laxiarchi
1191 2404 1344 2479 καὶτοὺς

182 2503 448 2587 ἐκκλησιάζοντας
471 2506 625 2590 ἐξήταζον
655 2513 700 2580 et
716 2507 781 2570 hoo
802 2509 1013 2572 laxiarchiois
1045 2509 1167 2573 tabulis
1195 2508 1342 2574 nonad-

181 2606 293 2668 hibitis
315 2609 372 2669 vix
394 2608 466 2670 fieri
487 2611 643 2691 potuerit,
667 2609 710 2671 ad
732 2630 854 2673 munus
877 2613 1064 2674 accuratius
1088 2611 1343 2694 exsequendum

181 2710 215 2770 in
239 2707 355 2772 eorum¹
371 2711 525 2774 manibus
548 2714 666 2774 harum
683 2712 872 2776 tabularum
889 2707 1070 2797 ἀντίγραφα
1093 2715 1203 2777 irrisae.
1229 2732 1342 2796 quam-

182 2830 283 2894 quam
305 2811 494 2875 lexiarohos
524 2818 653 2876 tanturn
682 2814 724 2878 ab
754 2809 972 2898 ἄπογράφοις,
1002 2812 1072 2890 non
1101 2816 1143 2878 ab
1171 2816 1251 2898 ipsis
1278 2818 1343 2880 illis

182 2915 303 2978 tabulis
325 2927 451 2978 nornen
474 2918 644 2999 accepisse
668 2918 738 2996 (vel
762 2922 878 2981 contra
893 2914 1098 3001 ληξιαρχικὸν
1121 2925 1343 3003 γραμματεῖον

182 3019 223 3079 ab
246 3019 296 3100 iis,
320 3018 409 3100 apud
433 3037 517 3100 quos
540 3038 610 3082 non
631 3021 751 3101 ipsunt⁷
775 3020 835 3082 aed
851 3015 1049 3105 ἀπόγραφον
1073 3023 1239 3100 6111111111
1260 3024 1344 3086 veri·

181 3120 289 3182 simile
313 3124 371 3182 est.
396 3157 434 3166 -—
468 3139 493 3184 6·
508 3122 648 3185 Polluce
675 3123 787 3185 hausit
815 3123 996 3185 scholiasta
1022 3141 1112 3186 nunc
1142 3124 1344 3206 depravatus

183 3221 306 3284 codicis
336 3241 357 3304 q
386 3221 429 3286 ad
458 3223 664 3287 Aeschinl
694 3221 733 3287 18
764 3230 796 3287 61
824 3226 914 3289 haud
944 3226 1046 3289 dubie
1076 3227 1175 3289 etiam
1210 3228 1345 3291 lexicon

161 3325 447 3389 ,vindobonense
468 3348 500 3409 p.
526 3326 587 3391 119
610 3328 662 3391 ed.
684 3327 863 3405 bauran)

385 3535 687 3615 ποριστίαρχοι.

267 3684 358 3747 Luce
383 3685 503 3748 clarior
525 3687 578 3748 hic
600 3685 875 3767 Harpocrationis
902 3701 978 3746 cum
1000 3683 1140 3747 Polluce
1163 3702 1345 3748 consensus

184 3792 331 3869 apparet.
354 3789 401 3870 ita
413 3789 502 3849 enim
514 3788 585 3849 ille:
598 3790 800 3867 redductan:
813 3786 962 3868 Αἰσχίνης
973 3786 1059 3849 κατὰ
1069 3784 1247 3870 Τιμάρχου.
1266 3785 1347 3861 ἔθος

182 3878 221 3972 ἦν
235 3884 391 3972 Ἀθήνησι
403 3893 580 3972 καθαίρειν
594 3887 837 3974 abstenturum
851 3892 906 3952 καὶ
921 3886 963 3951 τὰ
975 3892 1106 3970 θέατρα
1121 3890 1176 3950 καὶ
1190 3882 1273 3964 ὅλως
1287 3885 1347 3963 τὰς

183 3994 241 4054 τοῦ
270 3990 371 4076 δήμου
400 3991 557 4070 συνόδους
585 3999 710 4075 μικροῖς
740 3992 827 4056 πάνυ
856 3991 1032 4073 χοιριδίοις,
1066 3985 1150 4072 ὅπερ
1174 3986 1348 4073 ὠνόμαζον

184 4185 209 4193 ι-
216 4184 486 4194 --.-....-.—-———-

254 4318 290 4383 ³⁸)
326 4318 474 4386 ληξίαρχοιῑ
502 4304 661 4394 οὖτοιτούς
684 4308 900 4387 ἐκκλησιάζοντας
916 4307 1051 4386 ἐξήταζον,
1074 4312 1122 4366 καὶ
1142 4306 1157 4366 ὂ
1181 4313 1219 4376 τίς
1244 4316 1347 4382 ληξιαρ·

184 4398 259 4471 χικόν
281 4407 459 4472 γραμματεῖον
483 4399 651 4470 ἄτιογροιφεὶς
672 4395 724 4470 ἤδη
747 4398 780 4455 τὰ
802 4401 916 4472 πατρῷα
938 4393 1130 4471 παρελάμβανε.
1166 4399 1238 4468 λῆξις
1262 4396 1347 4470 γὰρὴ

185 4483 300 4560 πατρῴα
316 4493 434 4543 καλεῖται
450 4489 539 4557 κτῆσις
556 4480 742 4558 καὶῦυαρξις.
777 4482 873 4551 πάντες
891 4485 920 4541 δὲ
939 4487 966 4540 ol
976 4489 1084 4539 πολῖται
1101 4481 1143 4539 tul
1161 4480 1268 4550 τούτοις
1286 4482 1346 4540 ἀττε-
1425 4527 1426 4530 ,

184 4592 332 4645 χραφοντο.

1146 4668 1162 4720 3
