3180 5136
783 388 826 453 62

383 597 629 681 δικαστήρια
646 593 869 680 Ἀθήνησιν.

426 731 578 816 ’Ἄρειος
604 733 740 813 πάγος.

318 839 443 900 Earum
471 856 594 909 rerum,
623 855 711 918 quae
740 836 783 898 dc
811 836 901 898 Areo
930 853 1018 918 pago
1049 835 1240 916 traduntur,
1269 833 1403 896 videtur

232 942 326 1004 nulla
349 959 367 1002 e
389 941 529 1003 classico
552 936 611 1002 illo
637 939 876 1000 Demosthenis
901 939 979 1000 loco
1006 943 1140 1020 sumpta
1164 956 1247 999 esse.
1291 953 1402 1017 paene

232 1046 322 1106 enim
357 1043 471 1105 omnia
502 1043 551 1104 ibi
584 1042 719 1122 desunt,
760 1060 837 1102 cum
869 1042 942 1122 ipse
967 1041 1216 1104 Demosthenes
1249 1037 1401 1120 inprimis

232 1145 362 1210 fabulas
394 1146 558 1227 proferat,
599 1163 686 1225 quae
721 1144 956 1226 grammaticos
992 1145 1113 1205 mirum
1147 1148 1311 1226 quantum
1345 1141 1401 1202 de-

231 1249 412 1312 lectabant.
460 1220 493 1309 et
522 1248 589 1328 agit
617 1245 660 1309 dc
687 1246 738 1307 his
767 1246 1060 1328 grammaticorum
1088 1246 1296 1328 reliquorum
1324 1263 1401 1328 pars

235 1356 293 1430 (ex
316 1349 494 1412 Hellanioo
519 1353 552 1410 et
573 1345 801 1428 Philochoro),
823 1347 946 1410 Pollux
970 1366 1027 1409 eas
1043 1348 1201 1430 neglegit.
1247 1347 1291 1410 ob
1315 1349 1403 1409 hanc

234 1471 368 1514 causam
393 1470 547 1533 eamque,
572 1470 672 1532 quam
689 1451 790 1514 modo
809 1452 960 1534 exposui,
983 1469 1027 1514 ne
1049 1453 1149 1534 fugae
1166 1450 1303 1532 quidem
1325 1456 1403 1533 post

233 1557 381 1637 priorem
421 1556 607 1617 orationem
646 1554 831 1636 permissae
870 1555 1079 1616 mentionem
1119 1573 1138 1616 e
1171 1555 1403 1616 Demosthene

234 1662 403 1738 sumptam
413 1658 602 1738 putaverim
617 1659 676 1733 (ex
690 1675 730 1718 eo
744 1674 824 1718 vero
837 1656 947 1717 hausit
965 1656 1069 1719 schol.
1082 1656 1239 1718 Aeschin.
1252 1657 1300 1718 ΙΠ
1313 1654 1401 1734 171).

236 1760 360 1823 deinde
387 1780 468 1822 num
497 1761 583 1821 forte
612 1759 717 1821 verba
750 1761 872 1840 ἐγίνετο
902 1757 936 1819 δὲ
966 1758 1126 1838 διωμοσία
1155 1761 1209 1820 καὶ
1237 1757 1323 1839 μετά
1345 1757 1404 1844 τὴν

236 1863 416 1942 διωμοσίαν
438 1865 542 1940 κρίσις
565 1862 773 1924 eDemosth.
791 1867 805 1938 ξ
823 1859 860 1922 71
886 1861 1052 1942 fluxerint,
1077 1863 1157 1924 mihi
1179 1880 1249 1924 non
1273 1866 1404 1924 constat

235 1964 430 2046 (διωμοσίαν
446 1964 479 2024 in
497 1969 647 2044 φονικαῖς
664 1963 767 2036 δίκαις
782 1965 908 2044 profert
924 1965 1025 2025 etiam
1040 1964 1107 2026 lex.
1123 1965 1230 2026 Bekk.
1244 1961 1317 2046 239,
1333 1961 1400 2043 23).

235 2073 348 2129 tamen
378 2070 485 2128 totum
512 2067 626 2129 locum
656 2067 874 2148 grammatico
912 2067 1106 2149 compilanti
1135 2067 1252 2129 deberi
1285 2067 1341 2128 vel
1368 2067 1404 2129 id

235 2169 440 2232 documento
458 2187 532 2230 esse
547 2173 668 2249 potest,
693 2169 785 2249 quod
808 2188 858 2250 ea,
883 2188 971 2252 quae
988 2169 1031 2232 de
1045 2188 1171 2232 novem
1187 2169 1403 2232 archontibus

233 2277 427 2358 narrantur,
458 2278 526 2332 tam
554 2273 746 2352 importuno
776 2271 852 2333 loco
880 2273 1078 2354 interposita
1105 2277 1192 2334 sunt.
1244 2291 1307 2354 ego
1337 2278 1404 2335 tres

236 2379 348 2456 partes
372 2373 542 2436 discerno:
566 2375 709 2454 primam
721 2393 829 2456 usque
852 2374 896 2436 ad
920 2373 1065 2460 δευτέρᾳ,
1090 2375 1274 2438 secundam
1296 2394 1405 2457 usque
1437 2449 1439 2454 .

237 2479 281 2540 ad
310 2481 565 2560 προσετίθεντο,
599 2479 730 2539 tertiam
758 2479 889 2560 reliqua
918 2481 1156 2542 continentem.
1208 2498 1248 2541 ac
1275 2479 1405 2560 primae

236 2580 374 2664 quidem
396 2581 595 2660 principium
619 2597 638 2642 e
659 2580 756 2642 Dem.
772 2580 872 2642 XXII
886 2580 927 2642 24
951 2588 1120 2662 sumptum
1138 2586 1202 2644 est:
1227 2587 1404 2664 γέγραπται

235 2681 296 2764 γάρ
320 2686 357 2745 ἐν
378 2684 423 2762 τῷ
447 2681 535 2762 νόμῳ
558 2681 616 2765 τὴν
637 2680 758 2765 βουλὴν
781 2683 923 2758 δικάζειν
946 2683 1051 2766 (μόνον
1081 2686 1136 2744 καὶ
1157 2683 1346 2765 τραύματος
1369 2685 1405 2744 ἐκ

236 2789 393 2866 προνοίας
415 2786 470 2846 καί
492 2787 655 2868 πυρκαϊᾶς
677 2787 732 2848 καὶ
755 2785 949 2869 φαρμάκων,
972 2786 1033 2847 ἐάν
1056 2809 1102 2860 τις
1131 2783 1307 2872 άποκτείνη
1331 2785 1405 2860 δούς

237 2879 305 2966 (ὀί.Ι
321 2887 432 2970 legem
462 2887 674 2951 subditiciam
703 2889 782 2950 ibid.
813 2894 827 2966 t
857 2886 927 2968 22)
972 2896 1008 2950 ut
1036 2907 1116 2952 τωο
1146 2891 1248 2952 etiam
1265 2891 1406 2972 reliqua

237 2991 280 3053 ad
303 2992 391 3053 hano
412 2995 543 3072 partem
567 3010 745 3074 assumam,
770 3009 988 3054 commoveor
1017 3011 1228 3054 cumrerum
1253 2995 1403 3074 proposi-

237 3099 345 3155 tarum
375 3087 521 3174 quadam
553 3094 814 3174 continuatione,
845 3100 916 3155 tum
944 3095 1083 3156 Luciani
1110 3095 1187 3156 loco
1217 3099 1332 3174 aperte
1361 3093 1405 3156 ad

237 3194 383 3258 eundem
411 3196 537 3256 fontem
572 3189 762 3276 pertinente
790 3195 975 3259 Antachara.
1007 3193 1061 3257 19:
1098 3191 1225 3256 ὁπόταν
1259 3193 1319 3278 γάρ
1349 3191 1404 3258 άν·

237 3297 387 3358 είδοῦσα
410 3295 495 3374 (soil.
518 3319 537 3376 η
559 3294 660 3379 ponti]
684 3291 702 3380 ἡ
726 3299 760 3372 ἐξ
777 3293 899 3376 Ἀρείου
916 3296 1035 3380 πάγον)
1060 3297 1105 3371 εἰς
1125 3296 1178 3360 τὸν
1205 3297 1312 3378 πάγον
1335 3318 1404 3381 συγ-

237 3400 418 3481 καθέζηται
441 3397 569 3482 φόνον
591 3393 859 3481 ἢτροιὺματος
882 3402 923 3461 ἐκ
946 3405 1144 3484 προνοίας
1166 3396 1405 3484 ἢπορκαῑᾶς

154 3497 160 3512 ’
238 3501 435 3574 δικάσοντες,
449 3496 655 3564 ’ἀποδίδοται
683 3501 776 3584 λόγος
799 3505 941 3592 δκατεριμ
965 3507 1030 3566 τῶν
1058 3511 1257 3584 κρινομένων
1279 3509 1334 3568 καί
1356 3505 1404 3568 λε’-

239 3623 351 3689 γοοσιν
379 3605 415 3665 ἐν
443 3606 488 3684 τῷ
524 3611 615 3685 μέρει
645 3599 663 3666 δ
692 3609 753 3685 μὲν
781 3603 905 3668 διτίκων
938 3601 955 3668 ὁ
986 3605 1021 3668 δὲ
1055 3605 1183 3689 φεύγων
1217 3601 1236 3689 ἢ
1265 3603 1359 3670 αὐτοὶ
1386 3603 1407 3689 ἢ

196 3784 198 3790 Ι
238 3708 378 3792 ῥήτορας
401 3701 659 3790 ἀναβιβάζονται
681 3707 757 3782 τοὺς
780 3711 937 3788 ἐροῦντας
958 3704 1040 3789 ὑπὲρ
1065 3704 1182 3771 αὐτῶν.
1229 3708 1262 3771 οἱ
1283 3709 1317 3771 δὲ
1340 3708 1404 3774 ἔστ’

239 3836 282 3876 αν
303 3816 363 3892 μὲν
390 3811 465 3888 περὶ
492 3809 551 3871 τοῦ
580 3807 773 3933 πράγματος
801 3809 945 3891 λέγωσιν,
977 3806 1172 3892 ἀνέχεται
1154 3835 1173 3892 η
1196 3809 1296 3894 βουλὴ
1320 3813 1404 3874 καθ

237 3912 375 4002 ἡσυχίαν
398 3907 680 3992 άκοάονσα66)·’
667 3936 713 3996 ην
736 3913 777 3976 δέ
798 3935 857 3987 τις
879 3907 898 3996 ἢ
922 3917 1119 4036 φροίμιρν
1142 3910 1234 4000 εἴπῃ
1261 3913 1324 4000 πρὸ
1347 3918 1406 3978 τοῦ

238 4019 349 4100 λόγου,
384 4037 426 4089 ως
460 4009 691 4096 εὐνουστέρους
726 4011 950 4135 ἀπεργάσαιτο
984 4009 1118 4090 αὐτοὺς,
1162 4011 1181 4096 ἢ
1215 4010 1353 4078 οἶκτον
1386 4011 1406 4100 ἢ

239 4122 387 4185 δείνωσιν
415 4115 543 4194 ἔξωθεν
572 4115 676 4204 ἐπάγῃ
705 4121 749 4200 τῷ
779 4117 999 4200 πράγματι..
1019 4113 1277 4198 παρελθών(
1261 4144 1278 4182 ο
1308 4123 1407 4203 κῆρυξ

238 4221 483 4306 κατεσιώπησεν
511 4217 613 4296 εὐθὺς
642 4246 669 4283 κ.
691 4244 720 4288 τ.
743 4220 773 4283 ί..
817 4222 947 4304 reliqua
976 4239 1241 4284 commemorare
1268 4224 1407 4287 Luciam

239 4399 543 4415 -r—-n———a-——u

311 4517 348 4584 ⁰⁶)
384 4517 452 4568 haec
470 4517 513 4568 sui
532 4513 640 4568 consilii
661 4529 744 4566 carisa
762 4513 871 4564 addidit
889 4513 1034 4564 Lucienus.
