3180 5136
738 392 780 456 63

176 597 259 659 nihil
281 599 450 662 intererat.
496 599 616 660 similia
637 599 687 680 iis,
722 616 810 680 quae
831 597 1040 661 insecunda
1061 603 1158 680 parte
1180 601 1346 681 leguntur,

176 700 279 782 etiam
302 700 358 762 alii
372 701 508 783 habent,
524 709 552 763 'e
566 700 714 762 Pollucis
738 703 830 763 fonte
853 719 915 762 sua
930 701 1093 764 derivavit
1114 706 1232 764 auctor
1251 721 1346 784 argu-

177 804 282 865 menti
297 803 329 865 II
350 805 384 864 in
399 804 497 866 Dem.
516 808 597 866 orat.
615 803 690 866 adv.
708 803 848 866 Androt.
873 797 914 876 ὥς
931 800 991 883 γάρ
1008 824 1092 878 τινες
1112 809 1177 865 τῶν
1200 803 1345 888 ῥητόρων

178 909 262 983 (non
297 910 364 967 tem
400 910 549 968 oratores
584 905 771 987 significare
804 904 952 988 videtur,
994 923 1095 985 quam
1128 908 1279 970 rhetores
1314 912 1348 970 et

177 1009 428 1089 grammaticos)
452 1006 589 1088 λέγουσι,
613 1007 684 1068 κατ’
708 1005 780 1080 ἔτος
803 1005 836 1067 οἱ
857 1008 952 1068 ἐννέα
977 1003 1132 1090 ἄρχοντες
1155 1003 1236 1093 αὐτῇ
1261 1010 1345 1088 [scil.

176 1112 215 1196 τῇ
237 1109 339 1196 βουλῇ
362 1112 401 1196 τῇ
424 1112 460 1173 ἐν
477 1106 594 1190 Ἀρείῳ
624 1109 733 1191 πάγῳ)
763 1112 1017 1191 προσετίθεντο·
1049 1104 1091 1184 ὥς
1116 1111 1151 1172 δέ
1172 1133 1266 1192 τινες,
1295 1106 1346 1174 ὅτι
1418 1171 1421 1177 .

177 1216 283 1292 μόνον
311 1211 344 1274 οἱ
372 1215 408 1287 ἐξ
439 1214 658 1293 θεσμοθέται.
702 1213 869 1289 Maximus
898 1215 932 1274 in
960 1214 1102 1295 prologo
1132 1214 1173 1276 ad
1204 1212 1346 1296 Dionys.
1424 1209 1427 1214 ’

178 1317 370 1400 Areopagit.
402 1315 495 1395 (edit.
526 1318 698 1398 Antwerp.
731 1314 813 1377 1634
841 1337 872 1398 p.
896 1317 1058 1394 xxxiv)
1081 1318 1146 1379 hac
1173 1319 1208 1379 in
1238 1337 1275 1380 re
1304 1317 1347 1380 ad

178 1421 422 1483 Androtionem
444 1423 616 1501 provocat.
641 1425 737 1481 ‘num
759 1419 839 1482 iude
863 1421 963 1482 etiam
978 1419 1141 1482 Polluces
1162 1421 1348 1501 repetenda

178 1523 254 1604 sint,
278 1522 344 1584 dici
365 1541 434 1585 non
450 1528 571 1604 potest.
603 1512 787 1585 secundam
802 1526 932 1603 partem
950 1540 1026 1583 eum
1041 1522 1195 1584 mutilato
1219 1525 1348 1606 primae

178 1626 271 1688 initio
296 1627 468 1707 coniungit
489 1625 555 1689 lex.
578 1627 684 1688 Bekk.
710 1623 783 1706 310,
807 1622 856 1688 28.
890 1627 987 1687 tertia
1008 1643 1085 1705 pars
1111 1643 1153 1687 ex
1177 1630 1353 1687 oratorum

178 1728 261 1791 locis
284 1729 446 1790 manavit:
470 1729 659 1809 posteriora
680 1729 864 1806 manifesto
879 1733 957 1789 sunt
971 1728 1210 1790 Demosthenis
1225 1729 1349 1791 XLVII

179 1829 219 1891 72
249 1827 373 1891 κελεύει
405 1825 465 1910 γὰρ
503 1825 519 1891 ὃ
549 1829 648 1909 νόμος
684 1828 763 1901 τοὺς.
794 1828 1021 1912 προσήκοντας
1058 1830 1219 1902 ἐπεξιέναι
1252 1836 1347 1911 μέχρι

179 1929 373 2016 ἀνεψιαδῶν
403 1933 484 2010 (καί
502 1933 537 1993 έν
560 1934 604 2013 τῷ
634 1927 719 2013 ὅρκῳ
750 1931 925 2014 διορίζεται
949 1927 967 1993 ὅ
996 1954 1027 1993 τι
1050 1930 1222 2016 προσήκοι·
1251 1930 1347 2012 ἐστί),

178 2030 240 2096 κάν
268 2034 391 2117 οἰκέτης
419 2023 438 2118 ᾗ
468 2033 592 2096 τούτων
619 2031 679 2108 τὰς
707 2035 900 2118 ἐπισκήψεις
930 2029 1024 2116 εἶναι,
1053 2036 1113 2098 sed
1142 2055 1161 2098 e
1191 2039 1347 2118 corrupto

181 2139 321 2200 oratoris
335 2135 502 2216 codice⁶⁷]
516 2139 645 2200 hausta.
670 2139 783 2219 priora
795 2157 838 2200 ex
849 2139 984 2219 Antiph.
999 2139 1028 2199 V
1038 2131 1073 2200 ll
1090 2144 1262 2201 contracta
1275 2158 1349 2203 esse

180 2241 344 2322 suspicer:
369 2233 502 2300 ἅπαντα
525 2236 567 2301 τὰ
585 2239 777 2320 δικαστήρια
800 2242 835 2301 ἐν
851 2237 1008 2322 ὑπαίθρῳ
1032 2239 1153 2315 δικάζει
1176 2239 1235 2314 τὰς
1259 2241 1349 2316 δίκας

179 2348 237 2404 τοῦ
262 2342 376 2426 ῳόοοο.
407 2344 441 2405 hi
463 2343 531 2404 loci
554 2344 673 2404 saltem
695 2343 730 2427 id
754 2362 933 2406 commune
955 2345 1092 2427 hahent,
1117 2345 1208 2426 quod
1231 2351 1351 2408 neuter

181 2444 304 2508 diserte
327 2446 370 2509 ad
393 2446 609 2528 Areopagum
638 2447 795 2528 refertum
824 2449 927 2509 immo
950 2447 1200 2510 Demosthenes
1229 2447 1265 2510 τὸ
1296 2451 1350 2511 ἐπὶ

183 2547 359 2630 Παλλαδίῳ
383 2548 530 2630 respexit
553 2545 607 2632 (ef.
625 2549 696 2611 eius
720 2550 880 2612 orationis
904 2553 918 2625 ξ
943 2547 1010 2627 70).

383 2716 427 2780 τὸ
452 2720 523 2780 ἐπὶ
548 2717 774 2797 Παλλαδίῳ.

266 2838 303 2900 In
344 2840 441 2902 huius
480 2838 648 2902 dicasterii
693 2839 919 2920 descriptione
965 2857 1075 2921 paene
1122 2841 1235 2902 omnia
1275 2847 1353 2903 sunt

180 2941 400 3016 Phanodemi.
451 2943 516 3006 vid.
547 2943 638 3005 Suid.
669 2947 775 3021 (recte
803 2942 951 3005 Dindorf
976 2942 1019 3004 ad
1047 2943 1149 3024 Harp.
1179 2962 1203 3004 s.
1234 2965 1263 3004 v.
1295 2945 1351 3005 ad-

182 3049 286 3124 notat,
318 3063 393 3106 cum
423 3044 543 3107 eadem
571 3045 722 3107 Eustath.
751 3064 783 3125 p.
810 3042 891 3106 1419
914 3045 969 3106 fin.
1013 3044 1203 3106 Pausaniae
1225 3045 1350 3108 lexico-

182 3147 308 3228 grapho
332 3147 466 3227 trihuat,
490 3147 626 3209 Suidam
650 3148 734 3210 haec
758 3166 777 3209 e
798 3147 910 3209 Photii
936 3151 1031 3230 parte
1058 3166 1148 3208 nunc
1178 3147 1353 3230 deperdita

184 3250 381 3330 sumpsisse,
418 3251 474 3331 qui
509 3251 706 3331 saepissime
734 3251 924 3312 Pausaniae
958 3251 1094 3313 lexicon
1128 3249 1296 3312 exscribat
1306 3249 1351 3330 ⁶⁸]

184 3352 238 3412 ἐπὶ
254 3350 448 3431 Hal-ludim:
474 3350 682 3435 δικαστήριον
698 3348 885 3435 Ἀθήνησιν,
909 3353 945 3413 ἐν
967 3341 991 3432 ᾧ
1016 3349 1049 3413 οἱ
1062 3353 1180 3436 ἐφέται
1195 3351 1351 3416 ἀκονσίοο

183 3451 289 3536 ῳόνοο
301 3453 459 3527 ἐδίκαζον.
477 3449 611 3534 Ἀργεῖοι
623 3452 684 3534 γὰρ
698 3449 764 3516 ἀπὸ
772 3449 870 3516 Ἰλίου
882 3451 1046 3536 πλέοντες,
1063 3456 1156 3538 ἡνίκα
1165 3461 1353 3535 Ιπροσέσχον

186 3555 359 3640 Φαλήροις,
397 3552 460 3619 ἀπὸ
484 3553 668 3640 Ἀθηναίων
699 3553 913 3638 ἀγνοούμενοι
942 3551 1165 3641 ἀνῃρέθησαν.
1215 3553 1353 3638 ὕστερον

185 3658 219 3720 δὲ
248 3655 449 3740 Ἀκάμαντος
483 3663 700 3742 γνιορίσαντος
734 3661 788 3721 κοιλ
825 3663 883 3730 τοῦ
919 3659 1110 3722 Παλλαδίου
1148 3656 1352 3743 εὑρεθέντος,

184 3753 269 3823 κατὰ
292 3761 435 3844 χρησμὸν
460 3757 581 3824 αὐτόθι
604 3760 641 3824 τὸ
658 3761 866 3846 δικαστήριον
882 3757 1066 3846 ἀπέδειξαν,
1090 3759 1133 3838 ὡς
1150 3761 1352 3846 Φανόδημος.

187 3862 404 3947 Κλειτόδημος
420 3864 456 3928 δέ
472 3883 571 3948 ῳησιν
587 3861 822 3947 Ἀγαμέμνονος
847 3863 907 3929 σδν
922 3867 967 3948 τῷ
987 3864 1163 3947 Παλλαδίῳ
1181 3883 1353 3946 προσενεχ·

256 4087 293 4154 ⁶s)
329 4089 363 4141 cf.
381 4087 506 4154 Philippi
524 4088 542 4140 l.
561 4087 579 4140 l.
597 4105 624 4155 p.
644 4087 678 4140 79
697 4103 759 4156 sqq.

256 4173 294 4239 ⁶⁸)
329 4173 447 4226 Leutsch
471 4175 501 4224 in
520 4171 602 4242 Corp.
626 4175 814 4242 paroemiogr.
839 4173 934 4226 Graec.
959 4173 985 4226 11
1003 4191 1030 4242 p.
1049 4173 1100 4227 403
1123 4176 1259 4226 rationem
1283 4178 1354 4228 inter

186 4263 380 4330 grammaticos
398 4260 616 4312 intercedentem
633 4260 717 4328 plane
730 4262 871 4328 pervertit,
891 4277 952 4312 cum
972 4260 1045 4312 dicat
1056 4260 1222 4312 Pausaniam
1241 4262 1355 4331 aSuid.,

184 4348 265 4416 Poll,
283 4347 375 4416 Harp.,
393 4347 484 4414 Etym.
503 4347 594 4414 Magn.
608 4348 778 4412 exscriptum
797 4359 866 4398 esse.
882 4349 884 4351 ’
901 4359 993 4413 neque
1011 4345 1099 4397 multo
1112 4348 1213 4397 rectius
1231 4348 1356 4400 iudicant

185 4435 308 4502 Philippi
326 4435 344 4486 l.
364 4434 383 4488 l.
400 4449 427 4501 p.
448 4431 480 4485 13
499 4437 556 4484 not.
576 4432 649 4485 eth.
667 4431 770 4500 Lange,
789 4431 845 4482 Der
862 4431 996 4500 Areopag
1014 4430 1072 4483 und
1096 4429 1141 4482 die
1159 4431 1286 4499 Epheten
1304 4450 1356 4486 vor

185 4520 280 4586 Solon,
300 4519 479 4588 Abhandlgn.
499 4519 524 4572 tl.
543 4519 631 4571 sache.
651 4516 801 4571 Gesellsch.
820 4516 847 4571 d.
867 4519 948 4571 Wiss.
966 4517 1016 4570 Bd.
1035 4517 1085 4568 VII
1105 4534 1131 4585 p.
1152 4517 1203 4571 190
1220 4525 1277 4573 not.
1296 4519 1319 4572 3.
