3180 5136
726 356 876 456 „Q

221 585 286 629 uno
312 569 428 628 tenore
451 569 485 628 et
507 584 567 628 suo
588 565 737 648 quidque
750 567 827 628 loco
845 565 1000 647 exposita
1013 563 1191 644 invenisse,
1215 579 1381 643 quaecun-

217 687 284 750 que
309 667 390 730 inde
412 687 433 730 a
456 673 470 746 §
495 665 535 730 85
565 687 672 750 usque
702 667 745 730 ad
774 673 788 746 §
812 665 853 729 94
883 669 1082 747 (ταξίαρχοι)
1118 668 1260 746 exstant,
1294 683 1382 727 com·

217 772 384 853 pluraque
407 775 507 834 antea
529 771 570 835 ab
593 773 666 854 ipso
691 772 815 834 omissa
837 773 956 854 postea
975 772 1021 833 ita
1037 769 1239 851 adiunxisse,
1262 772 1299 830 ut
1314 770 1383 830 fere

218 875 405 955 glossarum
433 876 580 957 speciem
609 875 803 956 praebeant.
851 873 942 957 quod
971 873 1136 956 posterius
1164 872 1254 934 cadit
1284 872 1383 934 etiam

218 978 252 1038 in
275 978 389 1040 looum
412 977 454 1040 de
476 977 636 1060 paredris,
667 996 742 1040 cum
765 977 980 1047 Aristotelem
1006 976 1179 1039 videamus
1209 976 1256 1038 ita
1284 975 1383 1056 scrip-

218 1081 301 1142 sisse
325 1082 412 1159 (sine
435 1079 537 1143 dubio
555 1081 714 1143 continuo
730 1085 807 1162 post
822 1080 1029 1162 polemarohi
1044 1096 1184 1140 munera
1200 1075 1382 1162 exposita):

218 1181 425 1264 λαμβάνουσι
448 1181 557 1244 δὲκαὶ
583 1187 644 1245 eto.
668 1184 715 1246 ita
738 1184 839 1245 etiam
863 1183 1064 1245 athlothetas
1087 1181 1258 1244 Aristoteli
1279 1181 1403 1243 liban·

218 1289 269 1348 ter
290 1286 483 1348 tribuemus.
529 1285 589 1348 sed
619 1285 794 1349 credamus
823 1303 900 1348 eum
931 1286 1031 1347 etiam
1062 1283 1255 1365 εἰσαγωγέας
1282 1285 1383 1367 magi-

220 1393 368 1471 stratum,
399 1389 456 1470 qui
482 1407 655 1470 nunquam
687 1389 822 1470 exstitit,
850 1389 886 1450 in
913 1387 1035 1450 librum
1065 1406 1163 1450 suum
1190 1385 1384 1450 induxisse?

219 1495 253 1552 at
280 1493 431 1574 profecto
460 1492 545 1555 haec
572 1493 646 1573 ipsa
674 1509 727 1554 res
757 1508 902 1573 omnem,
937 1492 964 1553 si
993 1509 1061 1572 qua
1089 1489 1199 1553 adhuc
1226 1489 1384 1572 restabat,

220 1593 464 1658 dubitationem
487 1595 591 1657 tollet.
622 1595 650 1657 si
673 1595 762 1656 enim
784 1595 869 1658 haec
888 1613 963 1656 cum
980 1599 995 1671 §
1011 1591 1050 1655 91
1069 1595 1384 1676 comparaverimus,

144 1761 145 1766 ,
219 1699 403 1780 apparebit,
433 1717 535 1780 quarn
557 1698 655 1761 facile
678 1716 721 1760 ex
743 1697 808 1758 illis
832 1694 976 1776 διανέμει
998 1694 1034 1758 τὸ
1058 1692 1161 1776 λαχὸν
1182 1731 1224 1742 -
1246 1693 1385 1776 εἰσάγων

182 1851 184 1864 ,
219 1798 254 1861 δὲ
277 1798 366 1875 δίκας
391 1804 495 1883 (quae
517 1802 671 1882 quamvis
695 1800 870 1863 decurtata
892 1801 966 1882 sint,
998 1800 1189 1861 etiamnunc
1213 1799 1285 1861 aliis
1314 1817 1384 1862 cor-

220 1903 357 1984 ruptehs
379 1903 535 1968 laborare
556 1905 642 1966 inter
662 1921 779 1966 omnes
796 1906 941 1981 constat)
964 1920 1068 1984 prave
1082 1903 1116 1962 in
1131 1901 1278 1966 Pollucis
1293 1903 1385 1964 fonte

220 2006 375 2069 exhibitis
409 2024 581 2088 praveque
616 2007 701 2085 (scil.
732 2003 921 2086 εἰσαγωγεύς
951 2023 1020 2068 vox
1049 2005 1096 2067 ibi
1123 2004 1312 2086 legebatur)
1342 2005 1384 2067 ab

219 2110 292 2190 ipso
315 2109 493 2172 intellectis
516 2128 624 2172 novus
646 2110 709 2172 istc
731 2110 944 2190 magistratus
961 2107 1105 2171 evadere
1119 2109 1274 2189 potuerit.
1303 2128 1385 2190 quas

222 2211 265 2274 ob
296 2230 424 2294 causas,
454 2231 542 2294 quae
570 2213 661 2275 Rose
689 2233 721 2293 p.
744 2209 806 2274 435
836 2211 879 2274 de
907 2213 1098 2294 fragmentis
1126 2211 1313 2274 Aristotelis
1343 2212 1384 2274 ab

218 2314 320 2396 Harp.
349 2337 380 2378 v.
410 2319 595 2398 στρατηγοί,
612 2310 801 2399 Ἵππαρχος,
832 2312 998 2398 φύλαρχος
1028 2315 1166 2377 servatis
1196 2314 1387 2378 dubitanter

221 2419 407 2498 suspicatus
431 2420 512 2499 erat,
536 2435 576 2479 ea
599 2416 642 2479 de
665 2421 735 2480 toto
759 2418 824 2480 hoc
846 2418 994 2480 Pollucis
1015 2418 1092 2480 loco
1115 2435 1176 2498 pro
1194 2421 1284 2480 certo
1302 2418 1386 2480 affir-

219 2539 313 2583 mare
339 2538 440 2602 posse
467 2521 549 2583 mihi
578 2519 704 2584 videor.
749 2525 919 2602 postremo
953 2538 1043 2583 nunc
1073 2521 1143 2582 eius
1173 2538 1310 2603 quoque
1337 2521 1386 2582 rei

219 2625 404 2704 poterimus
434 2642 569 2686 causam
597 2625 763 2707 proferre,
799 2642 858 2686 cur
887 2627 1051 2706 strategos
1080 2629 1095 2701 §
1119 2621 1159 2684 87
1189 2627 1258 2686 tam
1284 2642 1386 2706 parce

222 2731 344 2809 tangat,
377 2732 414 2789 ut
442 2745 560 2809 graves
589 2726 669 2789 inde
697 2730 798 2790 natae
826 2729 892 2790 sint
920 2728 998 2789 viris
1028 2728 1135 2790 doctis
1165 2726 1386 2809 difficultatem

222 2833 236 2905 ξ
254 2827 294 2891 93
320 2835 432 2893 autem
455 2832 557 2914 plane
580 2832 720 2894 omittat.
753 2831 880 2893 scilicet
900 2826 967 2893 iam
987 2831 1109 2912 ipsein
1128 2831 1220 2892 sonte
1238 2849 1298 2894 suo
1317 2849 1386 2893 non

221 2933 318 3012 plura
344 2934 481 2996 invenit.
526 2935 573 2995 ita
602 2935 691 2996 enim
719 2934 799 3015 fere,
829 2938 992 3016 quantum
1016 2953 1034 2996 e
1056 2935 1249 3016 fragmentis
1279 2935 1387 2998 conici

219 3035 308 3116 licet,
324 3035 540 3099 Aristotelem
555 3037 726 3119 scripsisse
741 3038 903 3118 suspicari
919 3036 1096 3101 debemus:
1120 3038 1175 3098 καλ
1190 3033 1386 3110 ἀθλοθέτας

223 3137 324 3216 [adde
347 3144 544 3219 χειροτονεῖν
567 3157 586 3201 e
608 3140 840 3222 sequentibus)
865 3139 925 3202 ἕνα
947 3138 1032 3201 κατά
1057 3137 1161 3222 φυλὴν
1184 3138 1331 3223 ἑκάστην,
1355 3138 1390 3202 οἱ

223 3240 479 3322 δοκιμασθέντες
510 3236 665 3322 άρχονσιν
694 3247 756 3306 etc.
780 3243 835 3322 (cf.
859 3243 972 3325 Poll),
1001 3244 1056 3304 καὶ
1086 3242 1281 3325 στρατηγοὺς
1309 3243 1387 3306 δέκα

224 3346 279 3424 (of.
303 3344 517 3407 Aristotelem
541 3345 631 3427 apud
652 3345 754 3428 Harp.
777 3367 807 3408 v.
833 3349 1020 3429 στρατηγοῦ
1049 3347 1083 3420 ἐξ
1111 3339 1268 3409 ἁπάντων
1284 3339 1386 3430 Ἀθη-

221 3449 324 3510 ναίων
349 3451 435 3526 [tum
457 3447 603 3512 breviter
627 3467 743 3512 eorum
767 3449 877 3512 officia
900 3450 1031 3532 tetigit),
1054 3450 1109 3510 καὶ
1131 3446 1314 3529 ἱππάρχους
1329 3448 1386 3512 δύο

222 3551 256 3624 ἐξ
269 3545 461 3612 άπάντωνἈ
468 3554 624 3634 θηναίων,
639 3550 673 3614 οἱ
686 3555 748 3615 etc.
765 3549 818 3636 (cs.
834 3552 930 3615 Phot.
947 3572 972 3615 s.
988 3575 1019 3615 v.
1035 3553 1091 3614 vel
1105 3553 1215 3615 minus
1231 3557 1387 3616 accurate

224 3654 449 3734 disputantem
462 3653 637 3716 Pollucem
650 3659 665 3732 §
678 3652 745 3737 94),
761 3655 817 3716 καὶ
832 3653 1017 3737 φυλάρχους
1033 3653 1111 3716 δέκα
1125 3656 1179 3716 καλ
1194 3653 1387 3737 ταξιάρχους

224 3754 310 3818 δέκα.
355 3753 389 3818 οἱ
415 3754 449 3817 δὲ
479 3753 639 3838 φύλαρχοι
673 3747 717 3830 εἷς
752 3755 838 3819 κατὰ
868 3754 974 3840 φυλὴν
1002 3755 1140 3840 ἑκάστην
1168 3761 1232 3820 τῶν
1261 3755 1387 3820 ἱππέων

224 3857 441 3942 προΐστανται
456 3852 715 3940 ὑποτεταγμένοι
729 3865 798 3933 τοῖς
814 3857 990 3944 ἱππάρχοις
1007 3861 1062 3940 (cf.
1078 3861 1208 3944 Harpl,
1230 3859 1386 3944 καθάπερ

224 3959 258 4022 οἱ
276 3963 455 4044 ταξίαρχοι,
479 3951 524 4034 εἷς
547 3956 608 4045 ἀφ’
634 3959 771 4044 ἑκάστης
794 3961 906 4047 φυλῆς,
929 3965 994 4025 τῶν
1010 3957 1154 4026 ὁπλιτῶν
1170 3965 1225 4044 (cf.
1241 3965 1337 4028 Phot.
1355 3969 1388 4027 ct

223 4064 334 4143 Poll).
377 4065 583 4146 singulorum
604 4067 704 4148 igitur
725 4066 979 4148 magistratuum
1003 4067 1243 4148 explicationes
1265 4068 1388 4130 Pollux

223 4169 309 4229 infra
336 4169 515 4248 separatim
543 4170 665 4250 posuit,
694 4172 916 4251 strategorum
945 4168 1112 4250 quodibi
1139 4187 1208 4232 non
1238 4171 1389 4233 exhibuit

225 4287 265 4332 ac
286 4287 330 4332 ne
353 4289 454 4352 supra
476 4271 613 4353 quidem
633 4272 673 4334 iis
695 4270 787 4333 idem
810 4271 901 4354 quod
925 4273 1042 4335 ceteris
1066 4271 1204 4355 addidit,
1226 4273 1308 4335 mihi
1330 4272 1387 4335 do-

226 4377 382 4436 cumento
407 4377 457 4436 est
478 4375 588 4456 ipsum
608 4375 676 4436 iam
699 4374 804 4437 verba
824 4374 883 4438 illa
910 4375 1064 4438 mutilata
1089 4375 1221 4458 legisse.
1265 4392 1388 4457 nempe

227 4481 285 4540 aut
305 4477 499 4559 Pamphilus
524 4476 567 4540 ob
598 4495 733 4540 oausam
761 4478 876 4542 nescio
906 4497 1006 4562 quam
1038 4478 1191 4542 consulto
1221 4477 1388 4560 quaedam
