3194 5136
690 403 842 502 ji„

181 610 394 671 referendum
415 612 469 672 sit.
494 613 681 692 quominus
705 611 748 674 ad
772 610 960 674 δικαστικόν
982 630 1191 694 εευυοθυιυε,
1214 612 1351 692 impedi-

182 713 267 774 verit
288 713 451 774 Boeckhii
474 715 666 796 auctoritas,
690 716 748 795 qui
764 715 996 779 demonstrare
1012 713 1139 778 studuit
1162 715 1352 793 (Staatsh.l

182 835 214 895 p.
244 811 306 875 327
340 819 428 896 sqq.)
463 815 672 878 iudiciariam
704 817 896 880 mercedem
930 818 1039 900 primo
1073 836 1179 880 unum
1213 816 1351 880 obolum

182 918 284 980 trisse
294 915 361 1002 ⁶⁶),
401 923 471 980 tum
513 924 595 1000 tres,
641 938 828 1002 numquam
869 917 1028 1002 διώβολον
1068 921 1179 984 fuisse.
1237 938 1351 1002 quam-

184 1037 285 1100 quam
323 1011 487 1084 confiteor
522 1013 731 1084 Bo‘eckhium
774 1022 855 1086 mihi
901 1041 994 1086 suam
1039 1022 1240 1086 sententiam
1283 1039 1352 1085 non

182 1122 354 1203 probasse,
379 1127 490 1185 tamen
510 1125 574 1186 hac
596 1125 629 1186 in
653 1141 690 1186 re
714 1125 742 1186 ei
768 1125 940 1188 adversari
963 1143 1026 1207 ego
1049 1143 1119 1187 non
1143 1124 1263 1186 audeo.
1308 1141 1352 1186 ne

181 1225 282 1306 igItur
315 1223 473 1305 διώβολον
511 1225 661 1288 iudicum
700 1246 850 1309 unquam
892 1227 1070 1308 exstiterit,
1108 1225 1176 1289 iam
1217 1226 1352 1289 aliunde

181 1327 311 1390 Polluci
335 1328 497 1390 auxilium
520 1329 606 1390 ferre
630 1329 788 1392 conabor.
821 1349 897 1392 cum
921 1331 1010 1392 enim
1027 1331 1129 1392 ceteri
1145 1330 1352 1410 grammatici
1436 1383 1438 1386 .

181 1431 274 1492 varia
302 1429 346 1492 de
374 1431 530 1494 theoricis
561 1429 704 1513 tradant,
734 1433 856 1495 eximie
886 1451 962 1495 cum
990 1431 1131 1495 Polluce
1158 1433 1238 1494 facit
1265 1451 1353 1495 unus

181 1531 326 1613 Hesych.
352 1531 458 1611 (unde
473 1535 615 1596 fortasse
631 1538 664 1596 et
680 1535 822 1597 ePhotii
837 1535 956 1616 glossis
971 1533 1082 1614 Etym.
1097 1535 1208 1616 Magn.
1223 1553 1257 1616 p.
1273 1531 1351 1612 448)

181 1632 347 1717 θεωρικὸν
375 1634 543 1715 ἀργιῖριονε
573 1633 611 1698 τὸ
641 1633 687 1702 εἰς
716 1639 807 1699 θεῶν
835 1635 932 1720 τιμὴν
959 1638 1015 1698 καὶ
1038 1633 1153 1720 ἑορτὴν
1182 1635 1354 1716 διδόμενον

182 1739 326 1819 θεωρίας
350 1739 444 1800 ἕνεκα
467 1741 525 1801 τοῦ
546 1737 603 1801 ’καὶ
626 1738 700 1813 τοὺς
723 1745 864 1820 πένητας
881 1745 1028 1821 μετέχειν
1049 1741 1115 1801 τῶν
1137 1741 1352 1820 decimabis.

181 1842 236 1902 καὶ
259 1839 432 1904 πάντατὰ
456 1840 677 1923 διανεμόμενοι
699 1841 849 1924 θεωρικὰ
872 1841 1009 1924 ἐλέγετο.
1039 1843 1118 1908 hinc
1138 1860 1255 1904 veram
1277 1861 1350 1905 sen·

182 1945 320 2008 tentiam
344 1945 508 2008 enuntiati
530 1945 572 2008 ab
597 1938 706 2025 ἇίσπερ
735 1945 925 2028 incipientis
948 1946 1192 2028 cognoscimus.
1236 1945 1352 2026 itaque

182 2051 290 2112 totum
311 2047 425 2110 locum
449 2049 550 2112 etiam
573 2049 621 2111 sic
642 2049 828 2130 poterimus
850 2048 1063 2131 intellegere:
1086 2047 1241 2130 pecunia,
1264 2065 1352 2129 quae

180 2149 308 2232 populo
321 2149 474 2213 distribui
492 2150 634 2233 solebat,
652 2152 801 2233 generali
811 2152 950 2214 nomine
968 2153 1070 2214 etam
1086 2148 1352 2233 ἐκκλησιαστικὸν

91 2255 95 2261 ’
183 2257 217 2314 et
239 2251 425 2315 δικαστικόν
449 2253 696 2335 complectente
720 2255 885 2333 θεωρικόν
900 2253 1072 2336 appellata
1095 2257 1128 2318 et
1143 2257 1210 2316 tres
1233 2258 1268 2315 et
1282 2252 1350 2318 duo

183 2359 216 2420 ct
238 2374 325 2418 unus
348 2355 468 2419 obolus
491 2357 608 2419 inerat.
640 2358 668 2419 si
688 2356 755 2419 hoc
769 2357 873 2420 modo
897 2350 978 2440 ὅπερ
995 2355 1039 2420 ad
1061 2354 1226 2437 θεωρικόν
1239 2357 1351 2418 referi-

181 2477 257 2521 mus
280 2463 322 2540 et,
347 2460 484 2540 quaein
499 2457 611 2522 medio
629 2463 772 2542 exstant,
794 2460 851 2542 ita,
874 2464 912 2523 ut
927 2463 1018 2523 certe
1032 2457 1203 2540 Hesychio
1228 2459 1350 2522 collato

183 2560 356 2643 debemus,
379 2563 647 2645 interpretamur,
675 2562 771 2625 nulla
800 2558 940 2626 offensio
969 2560 1159 2625 remanebit
1179 2562 1244 2624 nisi
1266 2563 1351 2625 forte

182 2664 324 2730 difficilis
353 2666 534 2729 verborum
564 2668 778 2730 constructio.
830 2666 890 2730 sed
919 2668 1009 2729 hunc
1038 2683 1177 2747 quoque
1202 2663 1351 2727 Pollucis

133 2839 136 2844 ,
181 2769 295 2832 locum
319 2787 338 2831 e
360 2769 513 2851 pleniore
534 2770 755 2833 vehementer
770 2773 981 2832 contractum
1002 2785 1077 2832 esse
1101 2785 1177 2830 cum
1192 2767 1352 2846 Hesychii

182 2872 295 2956 glossa
309 2891 411 2954 supra
426 2872 529 2936 allata
543 2873 675 2955 probat,
698 2877 769 2936 tum
786 2872 936 2936 eiusdem
959 2871 1065 2934 altera
1078 2871 1179 2934 haec:
1203 2866 1352 2948 θεωρικὰ

181 2972 346 3060 godoara:
370 2973 412 3037 τὰ
435 2974 481 3049 εἰς
496 2978 588 3038 θεῶν
609 2974 706 3056 τιμὰς
721 2977 777 3038 καὶ
800 2973 917 3056 ἑορτὰς
933 2971 1089 3052 διδόμενοι
1104 2974 1142 3034 ἐν
1155 2977 1224 3045 τοῖς
1237 2974 1349 3034 Πανα-

182 3080 336 3164 θηναίοις
358 3079 414 3140 καὶ
435 3081 630 3153 Διονυσίοις.
669 3074 766 3141 ἅτινα
790 3079 825 3140 ἐν
847 3078 893 3158 τῷ
916 3074 1052 3159 θεάτρῳ
1076 3074 1216 3155 ἐδίδοτο,
1239 3073 1294 3135 καὶ
1317 3075 1352 3134 ἐκ

183 3184 241 3244 τοῦ
258 3178 407 3261 θεάτρου
421 3178 573 3264 συνήγετο
590 3176 671 3243 αὐτὸ
689 3183 973 3261 [prehendentem
990 3179 1105 3242 τόπου.
1128 3179 1248 3240 harum
1263 3177 1351 3238 enim

183 3285 371 3367 glossarum
382 3289 561 3366 utramque
574 3303 617 3348 ex
628 3303 698 3346 una
710 3284 900 3366 eademque
911 3283 1075 3364 ampliore
1087 3280 1200 3363 glossa
1206 3279 1352 3358 fluxisse,

183 3388 211 3450 si
232 3388 403 3450 initiorum
427 3405 629 3451 consensum
650 3388 858 3468 respicimus,
888 3384 1072 3448 admodum
1102 3387 1153 3446 est
1174 3380 1355 3444 verisimile

184 3490 240 3568 (cf.
265 3505 337 3570 cap.
360 3489 419 3568 Il).
465 3493 613 3553 ceterum
638 3484 676 3552 si'
690 3489 743 3552 cui
757 3488 895 3551 Boeckh
911 3487 1079 3568 persuasit
1101 3491 1135 3547 et
1156 3501 1234 3546 mea
1254 3485 1353 3546 inter-

183 3593 328 3675 pretatis
340 3609 410 3655 non
425 3593 548 3674 placet,
560 3594 608 3656 ita
623 3597 660 3654 ut
674 3592 769 3655 malit
782 3590 930 3654 Pollucis
947 3587 1016 3674 (vel
1028 3589 1189 3666 auctoris)
1206 3603 1353 3649 errorem

184 3699 343 3777 statuere,
374 3695 531 3776 equidem
554 3712 616 3776 pro
639 3712 716 3758 meo
745 3694 907 3775 scriptore
934 3693 1150 3774 pertinaciter
1177 3706 1246 3752 nou
1268 3687 1354 3751 relu-

186 3798 311 3862 ctabor.
358 3802 530 3860 auctorem
552 3798 682 3879 ignoro.

388 3963 496 4030 ὃὲπὶ
519 3973 586 4051 τῆς
609 3967 857 4050 διοικήσεως.

270 4089 323 4150 De
356 4089 423 4150 hoc
455 4089 652 4169 magistratu
688 4092 801 4150 tacent
833 4087 952 4167 reliqui
986 4085 1195 4167 grammatici
1228 4099 1355 4160 omues,

186 4210 298 4272 neque
321 4207 384 4272 ego
408 4190 529 4271 habeo,
554 4189 644 4272 quod
667 4190 797 4271 loquar.

257 4449 293 4516 ⁵⁵)
331 4450 451 4502 tortasse
469 4449 552 4500 huius
572 4448 707 4498 memoria
727 4449 817 4497 exstat
835 4442 927 4496 adhuc
950 4440 1024 4510 apud
1044 4439 1161 4506 Hesych.
1186 4430 1290 4508 ὀβολοῖς

185 4534 231 4590 καὶ
249 4531 278 4588 ἐν
296 4527 369 4588 ἄστει
388 4531 535 4587 δικαστικοὶ
552 4532 655 4601 μισθοὶ.
