3180 5136
690 406 839 506 „sc—

183 605 242 679 οὗν
269 620 368 680 τοῦτο
396 613 557 696 ἐπιμελῶς
578 613 802 697 Λυσιμαχίδης
830 616 867 677 ἐν
892 617 937 696 τῷ
966 612 1048 697 πρὸς
1075 610 1244 675 Καικίλιον
1272 612 1347 692 περὶ

183 721 249 782 τῶν
271 717 363 803 παρὰ
386 725 454 793 τοῖς
470 715 625 792 Ἀττικοῖς
640 715 793 800 ῥήτορσιν
816 716 904 802 (eod.
921 715 1082 800 ῥητόρων)
1107 710 1347 800 [ὀνομάτων]...

183 823 239 884 καί
261 819 299 884 τὸ
321 827 390 896 τοῖς
407 817 592 905 Ἀθηναίοις
615 820 786 901 διδόμενον
809 818 972 901 θεωρικὸν
995 814 1066 900 οὐχί
1083 813 1163 898 [διὰ]
1180 815 1238 892 τὰς
1252 819 1348 890 θέας,

184 921 227 1001 ὥς
250 923 415 999 Καικίλιος
436 919 609 1008 ὑπέλαβεν,
640 919 726 986 ἀλλὰ
750 921 862 986 διὰτὸ
887 924 923 986 ἐν
944 928 1016 997 ταῖς
1043 923 1172 1005 ἑορταῖς
1200 917 1245 994 εἰς
1273 917 1349 993 τοὺς

185 1024 287 1102 θεοὺς
309 1023 454 1105 εὐσεβεῖν
475 1028 530 1089 καί
558 1025 711 1090 ἐπιθύειν
738 1027 795 1089 καὶ
822 1021 1074 1109 εὐφραίνεσθαι.
1119 1024 1215 1088 vides
1236 1023 1348 1086 Pollu-

185 1149 259 1194 cem
281 1135 297 1208 ξ
323 1129 383 1193 113
404 1149 474 1193 non
497 1130 607 1194 solum
636 1148 677 1193 ea
704 1147 774 1193 non
799 1129 938 1211 habere,
968 1146 1055 1211 quae
1084 1125 1260 1209 Caecilius,
1288 1123 1349 1188 sed

185 1232 306 1298 eadem
331 1235 415 1315 ipsa,
445 1251 532 1315 quae
554 1233 806 1314 Lysimachides
827 1237 865 1295 ut
886 1251 968 1296 vera
988 1232 1093 1294 falsae
1116 1228 1254 1295 Caecilii
1275 1246 1348 1291 sen-

185 1338 310 1400 tentiae
333 1337 482 1418 opponit.
525 1340 654 1400 restant
676 1335 743 1399 duo
766 1335 957 1418 fragmenta
972 1337 1008 1398 in
1029 1335 1096 1397 lex.
1113 1331 1209 1397 Cant.
1224 1353 1255 1395 v.
1272 1354 1349 1413 προ-

183 1437 263 1521 βολή
288 1442 321 1502 et
344 1435 538 1521 εἰσαγγελία,
562 1456 650 1520 quae
671 1456 790 1502 revera
813 1457 889 1502 cum
902 1438 1043 1502 Polluce
1059 1438 1256 1519 congruunt.
1289 1433 1349 1498 sed

185 1561 254 1606 non
282 1543 392 1606 solum
422 1560 472 1624 ea,
512 1560 600 1624 quae
630 1547 669 1604 ut
695 1543 799 1624 ipsius
829 1539 968 1606 Caecilii
994 1541 1100 1604 verba
1126 1541 1349 1622 proferuntur,

186 1646 408 1728 consentiunt,
432 1645 493 1708 sed
516 1651 608 1708 totae
629 1648 699 1709 fere
721 1645 864 1728 glossae.
893 1647 1009 1727 itaque
1032 1642 1263 1727 quaerendum
1279 1643 1350 1723 erit,

187 1748 266 1829 quid
295 1746 442 1829 Caecilii,
471 1747 552 1830 quid
579 1749 810 1830 lexicographi
838 1745 934 1810 Oant.
963 1747 1134 1829 proprium
1162 1746 1212 1808 sit.
1259 1743 1351 1827 quod

188 1867 263 1912 oum
290 1851 372 1914 nihil
401 1851 444 1914 ad
476 1851 697 1933 posteriorem
731 1851 883 1915 Pollucei
912 1851 988 1914 libri
1015 1854 1146 1932 partem
1174 1849 1349 1932 pertineat,

187 1970 275 2015 nunc
292 1954 401 2044 mitto.
447 1971 514 2036 quo
537 1954 610 2035 ipse
640 1953 786 2035 tendam,
815 1955 934 2035 opinor
960 1954 1028 2016 iam
1057 1970 1173 2017 omnes
1203 1948 1350 2014 animad-

187 2057 334 2120 vertisse.
380 2075 585 2138 quamquam
607 2075 688 2120 vero
716 2057 823 2120 multo
854 2061 943 2138 ante,
973 2075 1074 2139 quam
1096 2056 1200 2119 Rosci
1228 2056 1351 2119 librum

185 2159 326 2241 inspexi,
357 2177 433 2222 cum
455 2164 607 2222 veterum
629 2160 722 2225 libris
750 2160 990 2242 perlustrandis
1020 2164 1203 2242 occupatus
1232 2176 1350 2239 essem,

187 2260 229 2324 ad
264 2261 406 2324 eandem
440 2264 642 2326 sententiam
674 2265 830 2346 perveni,
863 2267 977 2326 tamen
1010 2282 1111 2345 quam
1143 2262 1227 2325 meis
1260 2261 1350 2324 malo

187 2366 310 2448 egregii
331 2365 394 2427 viri
415 2365 526 2429 verbis
549 2367 607 2448 uti,
638 2368 694 2448 qui
717 2367 842 2448 primus
865 2385 982 2430 verum
1004 2366 1096 2429 vidit.
1140 2366 1232 2428 Rose
1253 2365 1352 2447 igitur

184 2489 217 2550 p.
240 2465 312 2550 426,
337 2487 413 2531 cunr
436 2469 575 2532 dixisset
598 2471 661 2532 sibi
682 2469 868 2551 Didymum
891 2470 1083 2534 Aristotelia
1112 2471 1229 2533 lexicis
1252 2468 1350 2531 tradi-

187 2571 275 2635 disse
296 2570 412 2653 videri,
437 2572 521 2634 haec
544 2572 651 2636 addit:
683 2591 816 2656 „neque
846 2573 957 2637 obstat
985 2573 1077 2656 quod
1099 2591 1272 2656 nunquam
1294 2571 1352 2634 ille

187 2672 309 2737 diserto
333 2676 524 2739 testimonio
549 2695 569 2738 a
590 2677 730 2740 Polluce
754 2678 873 2740 citatur
894 2695 1006 2759 neque
1030 2679 1151 2758 quiex
1182 2678 1253 2739 eius
1282 2676 1350 2738 the-

186 2777 291 2839 sauris
312 2777 424 2840 lexica
441 2797 503 2853 sua
521 2785 760 2861 excerpserunt
784 2780 1065 2862 (Pamphilum
1088 2781 1195 2842 enim
1218 2798 1239 2841 a
1259 2779 1350 2842 Pol-

185 2881 280 2943 luce
303 2877 487 2944 exscribi
508 2885 625 2964 puto,
648 2900 717 2946 non
739 2883 850 2964 ipsum
872 2882 1068 2965 Didymum,
1092 2883 1131 2944 cf.
1156 2900 1184 2944 e.
1208 2902 1237 2965 g.
1254 2883 1351 2944 Pam-

185 2983 313 3065 philum
342 2983 433 3067 apud
459 2983 582 3047 Athen.
610 2985 660 3047 XI
686 2982 778 3048 496ο
799 3005 824 3048 s.
848 2984 1015 3070 πλημοχόη
1042 3015 1076 3039 =
1100 2985 1185 3050 Poll.
1211 2983 1260 3068 10,
1284 2982 1351 3064 73).

187 3089 238 3148 est
272 3088 362 3149 enirn
394 3088 479 3178 fera,
493 3087 637 3150 labentis
667 3088 862 3151 eruditionis
892 3106 933 3152 ea
962 3087 1170 3151 consuetudo
1200 3090 1234 3150 et
1262 3087 1352 3170 apud

186 3193 317 3251 veteres
339 3189 419 3253 inde
443 3209 463 3252 a
484 3191 592 3272 primo
620 3196 698 3272 post
722 3189 797 3255 Chr.
822 3191 936 3255 seculo
966 3197 999 3255 et
1026 3191 1138 3255 medio
1170 3208 1254 3254 aevo
1283 3191 1352 3253 late

186 3295 316 3374 patens,
343 3295 381 3354 ut
410 3311 477 3375 quo
507 3295 669 3375 scriptore
699 3297 796 3377 quasi
824 3294 973 3378 quodam
1001 3295 1220 3358 fundamento
1244 3295 1353 3357 omnis

188 3412 292 3477 opera
313 3400 540 3476 superstructa
563 3400 622 3478 est,
645 3399 735 3459 hune
756 3398 814 3460 vix
835 3398 891 3460 vel
906 3415 981 3460 raro
1000 3402 1272 3479 commemorent,
1296 3397 1352 3460 de-

188 3498 335 3560 scribant
355 3515 436 3560 vero
461 3516 537 3560 cunr
559 3499 639 3580 ipsis
662 3499 763 3562 rebus
787 3500 888 3562 etiam
910 3501 1049 3563 nomina
1072 3504 1259 3582 auctorum,
1282 3501 1352 3583 qui·

188 3600 250 3663 bus
272 3600 330 3662 ille
352 3619 431 3664 usus
451 3601 503 3683 sit,
526 3602 610 3664 falsa
623 3603 779 3684 propriae
794 3602 947 3666 lectionis
963 3603 1076 3684 specie
1090 3602 1218 3667 iudices
1233 3621 1352 3685 perum

186 3702 349 3766 litteratos
372 3704 610 3785 decipientes.“
655 3705 753 3788 adde,
777 3723 865 3787 quae
886 3705 977 3768 idem
998 3727 1030 3788 p.
1054 3703 1116 3767 457
1140 3707 1267 3788 optime
1289 3703 1352 3766 dis-

188 3807 291 3869 seruit
313 3805 356 3869 de
377 3806 462 3869 Poll.
485 3805 533 3868 VI
555 3803 606 3890 35,
630 3806 673 3870 de
694 3808 816 3871 Athen.
839 3828 871 3890 p.
890 3805 951 3870 235
973 3809 1011 3891 B,
1036 3828 1136 3892 quern
1159 3808 1353 3890 saepissime

187 3909 364 3992 Pamphilo
387 3927 486 3970 usum
510 3926 585 3971 esse
606 3928 697 3972 nunc
719 3911 852 3994 scimus,
877 3911 919 3974 de
940 3911 1086 3993 Hesych.
1110 3935 1140 3975 v.
1164 3910 1352 3995 παράσιτοι.

189 4031 268 4075 nam
291 4011 448 4095 equidem
470 4013 581 4075 facere
603 4032 672 4076 non
694 4031 843 4095 possum,
867 4015 947 4096 quin
964 4013 1000 4077 0.
1015 4016 1052 4078 F.
1068 4015 1212 4098 Ranki0,
1228 4015 1353 4096 Rose0,

188 4115 231 4177 M.
256 4114 438 4178 Schmidtio
462 4118 495 4177 et
516 4115 666 4198 inprimis
689 4115 720 4178 S.
736 4115 776 4180 A.
792 4116 927 4179 Nabero
941 4115 1000 4196 ¹⁰³)
1018 4119 1181 4180 assentiar
1195 4119 1351 4180 statuent·

261 4286 310 4353 ¹⁰⁸)
345 4286 451 4355 Rnnke,
477 4285 520 4338 De
544 4286 627 4338 lexici
650 4286 818 4354 Hesychiani
841 4303 908 4340 vera
935 4290 1043 4357 origine
1066 4293 1093 4340 et
1116 4289 1238 4356 genuina
1255 4289 1353 4358 forma,

189 4373 301 4442 Lipsiae
319 4379 346 4426 et
359 4373 507 4439 Quedlinb.
519 4372 593 4428 1831.
617 4373 750 4442 Schmidt,
768 4373 951 4439 Quaestiones
968 4375 1160 4443 Hesychienae
1177 4376 1206 4426 in
1224 4374 1260 4426 IV
1274 4375 1352 4427 volu·

192 4463 267 4514 minc
291 4460 435 4532 editionis,
462 4461 545 4514 lenae
571 4459 646 4515 1864.
681 4460 783 4532 Nabar,
805 4461 1008 4533 Prolegornena
1030 4462 1066 4518 ad
1085 4462 1235 4518 editionem
1252 4461 1354 4536 Photii,

189 4547 292 4602 Leidae
310 4546 385 4602 1864.
