3194 5136
693 405 845 506 27——
894 446 899 454 .

186 613 320 675 facienti
344 617 377 674 et
392 612 563 675 doctrinae
580 612 635 674 vel
649 612 828 675 iactandae
851 615 905 677 vel
926 616 1121 698 simpliciter
1136 617 1348 680 adhibendae

187 734 289 778 causa
320 718 477 797 mutanti,
512 715 665 778 dubitare
699 717 757 777 vix
790 717 877 780 licet.
933 736 1045 800 neque
1078 720 1234 783 indoctus
1268 725 1348 802 erat,

187 820 337 900 quisquis
360 820 431 900 luit,
453 818 511 880 ille
533 820 594 900 vir,
618 837 695 880 oum
716 818 805 882 bene
828 838 865 883 se
887 821 1037 884 habeant
1062 841 1116 886 res
1139 824 1261 887 abillo
1286 828 1348 886 tra·

186 920 286 1003 ditae,
308 921 410 984 modo
429 940 505 984 cum
520 920 559 984 A.
575 923 797 984 Mommsenio
814 923 1060 1009 (Heortologie,
1076 925 1227 1008 pluribus
1251 925 1348 1012 locis)

184 1023 242 1104 cip
251 1019 410 1086 Ἐλευσῖνι
424 1043 493 1087 non
509 1042 632 1106 magna
646 1024 828 1108 Eleusinia,
849 1031 967 1108 utpote
985 1046 1072 1110 quae
1089 1048 1201 1092 annua
1216 1030 1347 1112 fuerint,

184 1127 245 1190 sed
265 1128 443 1190 Proerosia
464 1127 707 1210 intellegamus.
754 1128 834 1209 quid
864 1129 906 1191 de
934 1130 992 1193 illo
1024 1136 1161 1195 auctore
1189 1133 1348 1215 suspicer,

186 1230 248 1294 sub
272 1231 372 1292 finem
396 1230 549 1314 opusculi
571 1231 637 1292 mei
661 1248 839 1311 exponam.

384 1389 586 1450 oqysswv84

269 1486 379 1550 Ceteri
396 1489 602 1568 grammatici
617 1506 686 1549 non
705 1488 920 1551 abhorrentia
938 1488 1084 1570 quidem,
1108 1490 1169 1553 sed
1183 1493 1247 1572 ipsi
1266 1511 1346 1572 quo·

182 1609 248 1672 que
270 1591 479 1672 generaliora
501 1591 646 1671 tradunt,
675 1594 712 1652 ut
734 1591 777 1653 de
799 1595 937 1654 auctore
960 1595 1018 1654 aut
1041 1592 1084 1654 de
1103 1594 1249 1675 vinculo,
1274 1613 1343 1676 quo

183 1713 259 1756 cum
280 1695 417 1776 reliquis
434 1713 583 1757 conexus
605 1695 647 1757 sit
659 1694 793 1775 Pollux,
814 1695 897 1757 nihil
919 1697 1020 1757 statui
1042 1697 1156 1778 possit.
1187 1713 1346 1780 perverse

182 1802 295 1860 autem
324 1799 388 1860 hoc
416 1798 493 1861 loco
522 1797 666 1879 Philippi
695 1798 866 1879 [Beitriige
895 1817 937 1859 zu
967 1799 1060 1860 einer
1082 1798 1201 1862 Gesch.
1231 1799 1262 1862 d.
1287 1804 1344 1863 att.

180 1901 418 1984 Burgerrechts
446 1923 478 1983 p.
509 1898 586 1981 217)
616 1902 734 1982 utitur,
767 1905 806 1962 ut
833 1901 980 1964 Pollucis
1011 1901 1219 1987 testimonio,
1254 1903 1345 1987 quod
1423 1893 1425 1898 ’

179 2005 227 2066 ΠΙ
250 2001 290 2065 52
314 2008 432 2085 exstat,
455 2004 556 2067 fidem
580 2004 729 2086 abroget.
759 2004 916 2066 nimirum
938 2005 988 2068 his
1005 2004 1137 2068 duobus
1161 2007 1245 2069 locis
1269 2026 1345 2068 cum

178 2107 258 2170 Vll]
281 2105 339 2169 lll
365 2108 565 2189 comparatis
589 2107 723 2169 elucere
743 2106 917 2169 Pollucem
939 2109 1051 2189 ipsum
1075 2108 1118 2170 de
1140 2127 1182 2171 ea
1203 2126 1240 2172 re
1262 2110 1343 2172 nihil

181 2211 302 2272 certius
330 2211 473 2272 novisse.
525 2211 579 2272 cui
607 2211 766 2292 opinioni,
796 2210 824 2272 si
853 2227 929 2272 eam
957 2216 1049 2274 recte
1075 2212 1343 2294 interpretamur,

182 2331 244 2395 ego
272 2313 491 2376 libentissime
520 2313 704 2375 subscribo.
749 2312 820 2375 noli
849 2313 938 2374 enim
973 2313 1137 2395 dubitare,
1166 2316 1193 2377 si
1220 2316 1343 2378 Pollux

184 2434 270 2496 quae
291 2418 363 2499 ipse
392 2417 531 2478 sentiret
551 2416 755 2498 protulisset,
785 2417 865 2497 quin
888 2419 1041 2478 veterum
1065 2434 1205 2500 errores,
1228 2435 1343 2480 recen-

184 2519 302 2582 tiorum
325 2519 536 2582 difficultates
559 2522 717 2582 aucturus
741 2520 847 2581 fuerit.
878 2519 993 2601 itaque
1016 2521 1221 2602 gratulemur
1235 2522 1343 2604 nobis,

185 2621 276 2703 quod
294 2622 386 2685 bono
408 2621 550 2703 Polluci,
575 2639 662 2703 quae
684 2623 820 2703 propria
841 2622 945 2703 ipsius
975 2623 1019 2686 de
1043 2624 1247 2706 orgeonibus
1270 2643 1342 2687 son-

181 2725 284 2787 tentia
305 2726 413 2807 luerit,
435 2743 504 2788 non
526 2725 653 2806 placuit
668 2725 855 2806 posteritati
870 2725 1024 2807 prodere.
1055 2746 1160 2788 unum
1184 2727 1342 2790 eundem-

181 2845 247 2909 que
269 2829 396 2890 fontem
419 2828 571 2891 adhibuit
591 2828 715 2891 Pollux
738 2827 843 2890 tribus
858 2826 923 2890 illis
945 2828 1039 2910 locis,
1062 2827 1123 2890 sed
1138 2830 1276 2892 minime
1299 2848 1342 2893 ex

181 2929 301 2993 eodem
323 2931 421 2993 huius
444 2932 543 2993 fontis
565 2931 642 2994 loeo
658 2931 778 3011 hausit,
802 2929 862 2992 sed
879 2948 1065 3012 orgeonum
1081 2932 1341 3013 explicationem

177 3033 267 3115 inde,
278 3033 337 3096 ubi
349 3033 391 3096 (10
404 3035 606 3116 orgecnibus
619 3034 792 3116 agebatur,
807 3034 957 3115 sumpsit,
974 3039 1195 3116 gennetarum
1208 3039 1239 3115 (§
1254 3035 1342 3118 111),

179 3121 238 3199 ubi
260 3136 303 3199 (10
324 3137 445 3219 phylis,
467 3138 660 3219 phraterum
684 3137 747 3216 (HI
769 3134 837 3218 52),
861 3136 918 3199 ubi
942 3135 984 3199 de
1000 3137 1221 3218 phrateribus.
1261 3139 1339 3221 quid

178 3241 252 3320 ipse
275 3239 317 3301 de
347 3239 398 3301 his
428 3240 626 3302 testimoniis
655 3241 808 3321 sentiam,
836 3240 931 3321 infra,
960 3239 1019 3302 uhi
1049 3240 1093 3303 ad
1120 3241 1241 3322 phylas
1269 3261 1342 3324 per·

178 3360 316 3425 venero,
339 3342 475 3405 uberius
498 3360 676 3424 exponam.

382 3502 598 3562 φραῑθρόᾳ

262 3601 383 3664 Totam
397 3601 484 3662 hano
498 3601 697 3663 memoriam
710 3599 814 3662 Meier
837 3599 895 3678 (de
910 3587 1095 3681 gentilitate
1109 3602 1231 3685 Attica,
1245 3602 1340 3665 Halis

181 3701 272 3786 1835,
283 3724 315 3785 p.
332 3703 368 3767 17
383 3708 447 3786 sq.)
460 3704 578 3766 falsam
596 3721 669 3766 esse
683 3701 853 3785 iudicavit,
867 3721 934 3784 qua
945 3704 980 3765 in
991 3721 1028 3766 re
1040 3705 1167 3767 utinam
1180 3705 1343 3768 noluisset

179 3808 280 3870 etiam
296 3825 336 3870 eo
354 3811 550 3890 argumento
572 3809 631 3889 uti,
655 3808 709 3869 cui
730 3807 837 3871 simile
856 3805 959 3869 modo
974 3807 1177 3890 Phihppium
1197 3807 1341 3870 vidimus

180 3909 405 3992 adhibentem,
427 3911 555 3973 scilicet
574 3912 665 3972 hunc
685 3909 832 3972 Pollucis
852 3910 967 3972 locum
986 3928 1061 3972 cum
1084 3911 1149 3973 alio
1168 3910 1252 3974 alius
1266 3911 1342 3975 libri

177 4031 342 4095 pugnare:
382 4013 447 4076 hoc
487 4014 576 4076 enim
615 4019 849 4095 argumentum
881 4012 1012 4074 nullum
1045 4017 1104 4075 est.
1160 4032 1268 4096 nuper
1300 4015 1339 4079 A.

179 4117 336 4178 Sohaeler
359 4116 395 4194 (l.
409 4115 430 4178 1.
443 4137 474 4198 p.
489 4113 556 4198 21),
584 4134 789 4197 quamquam
805 4115 952 4178 Pollucis
969 4115 1195 4178 testimonium
1209 4133 1278 4179 non
1294 4118 1342 4180 ita

177 4219 455 4302 magnifaciens,
482 4237 555 4282 rem
584 4223 696 4281 tamen
724 4236 840 4280 veram
866 4217 1007 4299 putavit.
1055 4217 1205 4299 inprimis
1228 4223 1341 4282 autem

180 4323 246 4384 huo
268 4322 347 4384 facit
368 4322 408 4384 A.
424 4324 611 4386 Mommsen
636 4321 869 4403 (Heortologie
890 4341 922 4402 p.
946 4318 1008 4382 306
1024 4324 1124 4402 sqq.),
1148 4321 1241 4385 euius
1264 4340 1336 4385 sen-

178 4425 316 4487 tentiam
328 4424 475 4488 breviter
487 4443 664 4507 exponam.
676 4426 819 4486 infantes
828 4442 889 4505 per
901 4440 1018 4486 omnes
1031 4428 1097 4486 tres
1104 4423 1341 4506 Apaturiorum

179 4528 252 4590 dies
276 4527 422 4609 (δορπία,
448 4523 634 4611 ἀνάρρυσις,
662 4529 850 4610 corneam)
878 4527 914 4590 in
941 4525 1105 4609 phratrias
1130 4527 1339 4594 introductos
