3194 5136
693 407 843 508 L

185 617 321 697 liastae,
352 633 436 699 quos
462 617 498 678 in
526 620 598 679 tota
624 617 688 679 hae
715 635 752 678 re
781 634 890 697 paene
919 633 1035 680 omnes
1065 616 1109 681 ad
1135 617 1350 680 Aristotelem

184 718 380 782 referendos
404 737 477 781 esse
504 737 565 800 pro
596 723 686 781 certo
714 721 825 800 potest
855 719 1019 801 affirmari,
1047 719 1125 782 licet
1152 719 1357 802 plerumque,

185 822 285 884 nimis
313 821 432 885 breves
462 822 543 903 sint,
573 821 695 884 Thesei
722 822 930 883 mentionem
958 823 1092 884 faciunt.
1143 826 1350 903 postremum

187 925 290 987 schol.
312 926 444 987 Platon.
467 923 609 986 Axioch.
642 927 674 987 et
695 924 819 986 Pollux
848 928 1003 988 auctores
1026 930 1104 986 sunt
1125 924 1350 1006 Aristotelem,

186 1027 244 1091 ubi
267 1026 310 1090 de
332 1027 438 1090 tribus
455 1027 626 1090 ordinibus
643 1031 767 1110 ageret,
789 1025 915 1089 ibidem
932 1028 1032 1090 etiem
1048 1029 1177 1107 trittyes
1194 1027 1350 1108 tetigisse.

187 1149 265 1192 cum
279 1131 329 1193 his
345 1131 536 1193 necessario
554 1131 736 1195 cohaerent
746 1130 952 1193 naucrariae.
984 1131 1058 1212 quis
1074 1134 1197 1212 autem,
1214 1145 1351 1211 quaeso,

185 1234 354 1314 putaverit
374 1233 592 1296 Aristotelem
621 1232 664 1295 de
692 1233 875 1295 naucrariis
905 1236 938 1294 et
966 1233 1133 1314 trittyibus
1162 1233 1197 1295 in
1219 1233 1349 1294 Theseo

188 1337 305 1418 egisse,
329 1334 450 1398 eadem
473 1336 555 1415 (alia
577 1336 667 1399 enim
688 1353 758 1398 non
780 1339 927 1417 poterat)
950 1337 985 1398 in
1009 1336 1134 1400 Solone
1155 1337 1351 1418 repetiisse?

188 1439 284 1501 aliter
304 1457 359 1501 res
382 1439 552 1520 sehabet,
577 1438 668 1520 quod
692 1437 890 1502 demarchos
913 1440 1036 1502 iamin
1059 1439 1185 1502 Solone
1207 1456 1351 1502 comme-

188 1543 347 1625 moravit,
377 1561 453 1605 oum
479 1543 534 1604 his
558 1544 648 1606 enirn
675 1560 857 1605 naucraros
887 1543 1102 1624 comparavit,
1133 1561 1199 1624 quo
1223 1543 1352 1606 facilius

189 1646 496 1726 antiquissimorum
512 1649 701 1727 temporum
715 1645 867 1707 instituta
887 1645 1171 1728 intellegerentur.
1203 1649 1352 1709 ceterum

187 1748 404 1811 Aristotelem
420 1747 462 1811 de
476 1749 587 1831 phylis
609 1749 644 1810 in
658 1748 853 1810 universum
874 1748 942 1810 iam
959 1750 1059 1812 antea
1074 1748 1182 1830 egisse
1197 1765 1217 1811 e
1231 1750 1351 1812 Photio

190 1849 310 1933 (φυλαὶ
333 1850 367 1913 δὲ
388 1839 472 1935 ἦσαν
494 1856 650 1931 τέσσαρες
678 1847 872 1930 καθάπερ
902 1848 1119 1931 πρότερον)
1150 1851 1352 1915 concludere

187 1972 377 2036 possumus,
405 1971 506 2036 nuno,
536 1972 604 2036 qua
628 1954 759 2017 ratione
780 1953 926 2036 populus
954 1954 1041 2015 intra
1063 1953 1209 2036 singulas
1231 1955 1351 2036 phylas

189 2057 366 2138 discriptus
389 2057 440 2140 sit,
463 2057 613 2139 exponit.
658 2057 759 2118 etiarn
782 2056 825 2119 de
848 2054 1112 2139 φυλοβασιλεῦσι,
1144 2075 1286 2138 quorum
1310 2076 1352 2120 ex

187 2158 369 2223 Aristotele
390 2160 698 2223 mentionem-facit
719 2160 869 2241 Photius,
891 2160 957 2222 hoc
978 2159 1054 2223 loco
1070 2159 1202 2222 videtur
1217 2160 1352 2224 uberius

190 2264 307 2344 egisse.
351 2280 431 2325 narn
454 2263 583 2325 etiamsi
604 2264 667 2326 hos
689 2263 758 2324 iam
780 2266 890 2344 antea,
912 2262 971 2325 ubi
994 2261 1037 2324 de
1059 2263 1169 2344 phylis
1191 2263 1352 2345 loqueba-

191 2369 254 2446 tur,
282 2369 492 2448 tractaverat,
521 2369 634 2428 tamen
665 2365 775 2446 potuit
804 2365 905 2426 etiam
933 2366 987 2427 hie
1009 2365 1065 2428 vel
1093 2367 1218 2447 optime
1248 2366 1291 2430 de
1312 2370 1353 2431 iis

190 2469 311 2530 iterum
343 2485 523 2551 exponere.
575 2462 708 2530 'scilicet
740 2485 801 2548 per
838 2467 977 2550 longum
1016 2469 1354 2552 temporis'spatium

191 2570 351 2652 pleraque
366 2589 507 2634 munera
520 2571 560 2633 iis
577 2569 736 2652 adempta
751 2575 785 2632 et
799 2569 879 2632 inde
891 2589 911 2632 a
923 2570 1048 2634 Solone
1063 2588 1169 2653 prope
1184 2572 1278 2635 nulla
1289 2575 1356 2636 alia

192 2673 300 2736 officia
313 2674 431 2736 relicta
446 2678 550 2755 erant,
571 2674 634 2736 nisi
656 2691 744 2755 quae
766 2673 809 2736 ad
830 2672 971 2736 deorum
991 2673 1117 2735 cultum
1130 2676 1353 2756 pertinebant.

188 2777 304 2858 itaque
325 2777 391 2838 huo
414 2777 527 2840 neseio
551 2795 595 2838 an
616 2777 797 2859 pertineat,
825 2775 915 2858 quod
937 2775 1060 2838 Pollux
1084 2779 1114 2854 (5
1140 2775 1214 2856 111)
1245 2777 1288 2842 de
1314 2781 1354 2843 iis

190 2878 299 2942 tradit.
329 2881 504 2942 invenerat
526 2897 567 2943 ea
587 2880 672 2943 forte
691 2880 726 2940 in
742 2885 803 2942 suo
819 2880 912 2942 fonte
925 2879 1002 2941 loeo
1020 2879 1173 2941 aPhotio
1196 2880 1353 2965 indicato,

191 2983 256 3046 hoc
280 2984 386 3046 estin
408 2982 521 3045 media
543 2987 559 3060 t
584 2981 655 3065 111,
679 2982 748 3045 sed'
761 2983 865 3045 malui
900 2986 979 3045 ante
995 2985 1153 3064 quattuor
1174 2983 1353 3065 phylarum

190 3087 397 3149 mentionem
424 3103 553 3167 ponere
581 3090 614 3148 et
643 3085 761 3149 ceteris
790 3085 902 3148 verbis
937 3104 1011 3148 eum
1041 3083 1125 3170 φυλή
1161 3089 1352 3168 compositis

192 3189 383 3271 adiungere.
413 3189 502 3252 huno
525 3192 638 3252 autem
661 3190 892 3272 magistratum
915 3189 1084 3271 ereliquis
1106 3209 1193 3252 unus
1207 3191 1353 3272 Hesyoh.

192 3297 433 3355 commemorat
464 3289 711 3375 φυλοβασιλεῖςε
745 3292 781 3354 ἐκ
814 3295 880 3354 τῶν
905 3290 1024 3378 φυλῶν
1056 3289 1197 3373 αἱρετοί,
1232 3292 1265 3355 οἱ
1296 3293 1354 3369 τὰς

193 3397 317 3469 θυσίας
339 3392 572 3468 ἐπιτελοῦντες.

276 3497 365 3560 Num
388 3515 430 3560 ex
452 3517 530 3562 mea
553 3499 764 3580 expositione
787 3516 863 3560 eum
886 3497 1046 3560 aliatum
1073 3497 1108 3560 id
1131 3499 1218 3561 effici
1238 3501 1354 3582 possit,
1453 3527 1455 3534 ·

193 3599 286 3680 quod
308 3589 445 3682 quidem
468 3601 680 3664 Schoemann
705 3599 776 3679 (Gr.
792 3600 858 3663 Alt.
874 3598 907 3660 Ι3
921 3619 953 3681 p.
971 3596 1033 3661 339
1055 3604 1124 3662 not.
1143 3598 1176 3679 1)
1205 3603 1354 3684 inprimis

192 3707 309 3765 eontra
329 3704 542 3786 Philippium,
570 3707 608 3765 ut
629 3702 770 3784 videtur,
800 3721 819 3765 e
841 3702 988 3765 fontibus
1012 3701 1233 3766 demonstrari
1253 3723 1354 3786 posse

190 3807 337 3888 negarit,¹
358 3824 536 3889 geomoros
560 3809 594 3868 et
616 3805 806 3888 demiurgos
828 3824 898 3869 non
921 3810 1000 3868 ante
1021 3806 1179 3870 Solonem
1194 3809 1229 3869 in
1243 3809 1354 3889 phylis

192 3909 303 3991 fuisse,
324 3910 495 3991 inquirant
516 3909 581 3972 alii.

395 4094 532 4179 palai

278 4215 374 4299 Quae
388 4216 512 4280 Pollux
531 4216 574 4279 de
590 4217 690 4280 variis
706 4215 885 4297 phylarum
903 4216 1095 4280 nominibus
1113 4215 1222 4299 tradit,
1242 4215 1285 4279 de
1302 4219 1352 4281 his

192 4319 249 4382 alii
271 4320 367 4382 aliter
393 4319 591 4382 iudicarunt.
621 4337 709 4401 quae
738 4337 814 4382 cum
841 4321 889 4383 ita
918 4321 984 4383 sint
1012 4323 1045 4382 et
1073 4319 1163 4382 solus
1191 4320 1279 4382 inter
1306 4324 1356 4384 tot

192 4423 369 4505 scriptores
385 4423 508 4487 Pollux
528 4422 588 4485 illa
609 4423 793 4485 memoriae
814 4423 1009 4506 prodiderit,
1032 4423 1240 4504 aliquantum
1264 4430 1354 4488 certe

192 4527 321 4589 intersit
348 4525 519 4608 indagare,
552 4544 573 4587 a
602 4542 669 4606 quo
698 4526 791 4592 fonte
818 4527 969 4607 profecta
997 4526 1071 4588 sint.
1123 4524 1233 4608 doleo,
1264 4527 1353 4607 quod
