3180 5136
806 375 864 439 101

760 465 910 474 ——-·--

251 588 318 656 κοῖς
334 608 360 645 κ.
377 607 403 644 r.
421 581 449 644 l.
530 582 611 665 quid
625 583 745 664 igitur?
775 587 953 665 postquam
978 584 1212 665 grammaticus
1234 583 1301 665 ille,
1326 601 1413 646 com-

251 688 360 750 munis
393 686 552 765 Hesychii
584 686 696 748 Photii
723 685 996 768 Harpocrationis
1026 690 1152 767 auctor,
1180 685 1263 749 illud
1292 704 1414 748 munus

250 789 397 852 breviter
419 791 486 852 suis
509 788 620 851 verbis
640 793 852 871 exposuerat,
876 789 986 851 attulit
999 789 1215 856 nihilominus
1229 790 1304 852 Istri
1319 789 1414 851 atthi-

251 891 413 974 dographi
437 891 480 954 de
502 890 622 954 eadem
644 909 681 954 re
705 892 942 978 testimonium.
980 895 1014 953 at
1033 891 1188 954 novimus
1202 891 1414 972 Pamphilum

251 1011 367 1057 eorum
383 994 687 1078 grammaticorum,
702 995 852 1076 inprimis
867 994 1016 1076 Didymi,
1033 994 1288 1076 compilatorem
1303 995 1414 1072 fuisse,

250 1098 307 1178 qui
335 1097 442 1160 multa
470 1096 661 1159 testimonia
689 1097 899 1159 eveteribus
929 1096 1120 1160 auctoribus
1149 1099 1308 1178 excerpta
1337 1114 1413 1158 con-

171 1245 173 1250 .
249 1205 430 1282 gesserant.
475 1217 589 1262 nonne
610 1200 710 1280 igitur
731 1199 780 1261 illi
802 1200 904 1262 etiam
931 1199 1101 1262 hocloco
1131 1199 1197 1260 alia
1225 1200 1415 1262 testimonia

250 1302 440 1367 addiderint
462 1301 636 1364 Atthidum
669 1303 878 1382 potissimum
908 1303 1107 1387 scriptorum
1137 1319 1323 1384 eorumque
1356 1303 1413 1383 qui

249 1405 292 1468 de
320 1405 488 1468 sacrificiis
518 1406 742 1487 scripserunt?
785 1405 872 1468 inter
903 1407 989 1468 haec
1021 1405 1082 1467 fuit
1114 1405 1215 1467 etiarn
1247 1405 1275 1467 is
1307 1405 1413 1485 locus,

249 1527 350 1591 quem
371 1508 592 1590 Harpocratio
618 1511 651 1570 et
671 1508 795 1570 Pollux
816 1512 1025 1590 receperunt.
1060 1506 1299 1590 etymologiam
1320 1525 1412 1580 vero,

248 1613 328 1675 licet
350 1631 370 1673 a
393 1610 515 1673 talibus
538 1611 655 1691 quales
678 1609 748 1672 dixi
764 1610 980 1692 scriptoribus
995 1628 1065 1673 non
1080 1610 1300 1686 abhorruerit,
1321 1615 1414 1673 recte

247 1733 310 1777 nos
339 1714 382 1777 ad
411 1713 665 1795 grammaticum
693 1714 794 1776 totius
823 1714 891 1776 loci
919 1717 1091 1776 auctorem
1118 1713 1286 1776 rettulisse
1313 1713 1412 1794 bene,

250 1818 378 1899 opinor,
400 1816 522 1897 probat
543 1815 689 1878 Pollucis
712 1833 786 1879 mos
798 1814 857 1894 ¹⁰⁹)
880 1816 962 1880 nihil
985 1815 1076 1878 aliud
1093 1816 1158 1878 nisi
1171 1816 1274 1896 ipsius
1289 1816 1411 1878 veteris

249 1919 394 1998 auctoris
416 1919 522 1982 verba
544 1918 673 1982 omissis
697 1919 852 1982 omnibus
875 1919 1020 2000 quaein
1042 1919 1134 1984 fonte
1156 1937 1216 1982 suo
1237 1919 1413 1981 invenerat

249 2021 486 2086 additamentis
510 2022 786 2085 transscribentis.
833 2026 982 2084 ceterum
1004 2023 1144 2086 fortasse
1168 2023 1269 2084 etiam
1283 2022 1411 2104 Harpo-

249 2128 351 2190 cratio
375 2127 410 2188 in
433 2126 497 2188 hac
519 2125 631 2208 glossa
651 2126 762 2208 ipsum
776 2126 989 2208 Pamphilum
1011 2126 1193 2208 usurpavit,
1218 2126 1256 2187 cf.
1274 2142 1363 2206 quae
1376 2126 1411 2186 in

188 2231 192 2242 ¹
230 2229 313 2291 line
340 2213 439 2291 huius
461 2229 566 2292 libelli
594 2227 743 2292 disserui.
787 2247 879 2292 nunc
901 2228 944 2292 de
966 2230 1072 2291 altera
1094 2245 1231 2311 quoque
1251 2228 1411 2308 Hesychii

247 2332 359 2414 glossa
382 2325 587 2413 (κάθαρμα),
611 2333 704 2394 cuius
727 2349 771 2394 ne
793 2331 917 2394 lemma
935 2331 1071 2414 quidem
1088 2349 1164 2394 cum
1177 2331 1318 2393 Polluce
1334 2348 1410 2393 con-

246 2435 356 2516 sent't,
378 2438 470 2496 recte
491 2435 676 2515 poterimus
697 2434 856 2500 iudicare.
901 2435 962 2498 fuit
989 2436 1077 2498 enim
1099 2452 1168 2498 vox
1191 2431 1353 2516 κάθαρμα
1375 2435 1410 2495 in

246 2539 309 2601 hac
338 2536 589 2618 significatione,
618 2537 647 2598 si
674 2537 888 2600 scholiastam
910 2536 1215 2620 Aristophanis110)
1246 2537 1409 2618 audimus,

248 2640 452 2703 comicorum
485 2639 628 2720 propria.
673 2639 789 2722 itaque
816 2658 885 2703 non
914 2641 1127 2723 mirabimur,
1157 2641 1248 2723 quod
1277 2641 1363 2704 absit
1390 2659 1410 2702 a

244 2741 384 2807 Polluce
412 2739 577 2823 pedestris
610 2743 773 2810 sermonis
806 2747 979 2805 auctorem
1013 2743 1203 2825 exhibente,
1238 2748 1271 2806 et
1304 2747 1409 2806 totam

244 2845 405 2927 Hesychii
426 2843 571 2926 glossam
595 2842 638 2906 ad
662 2845 780 2908 cornici
804 2845 977 2908 cuiusdam
1005 2846 1119 2908 locum
1145 2847 1338 2910 reseremus.
1366 2882 1409 2890 -

244 2966 362 3012 revera
376 2947 564 3027 Hesychius
588 2963 664 3010 cum
679 2948 819 3011 Polluce
842 2947 994 3011 dissentit
1016 2950 1050 3011 in
1065 2970 1096 3010 v.
1114 2945 1282 3028 isposorot.
1318 2947 1408 3030 apud

244 3051 418 3115 Pollucem
441 3050 530 3112 enim
554 3053 585 3130 (d
612 3048 687 3130 107)
712 3050 755 3113 de
778 3052 906 3132 annuiS,
936 3069 1002 3114 non
1033 3051 1076 3114 de
1101 3053 1278 3115 menstruis
1301 3052 1406 3114 hiero·

244 3155 338 3235 posis
360 3171 551 3217 sermonem
574 3171 648 3218 esse
675 3155 795 3236 elucet,
818 3158 853 3216 at
876 3155 1066 3236 Hesychius
1090 3154 1207 3217 habet:
1231 3152 1406 3237 isponorot:

244 3253 418 3339 ἐπιμήνιοι.
465 3260 577 3319 tamen
606 3275 650 3319 ne
671 3259 737 3321 hoc
760 3257 896 3339 quidem
919 3259 1107 3321 sententiae
1128 3262 1264 3320 nostrae
1287 3258 1406 3321 obstat.

245 3363 303 3421 aut
326 3360 415 3422 enim
438 3349 650 3441 aPamphilo
675 3359 742 3422 duo
766 3377 891 3442 genera
913 3361 1171 3443 hieropoeorum
1195 3360 1407 3443 explicaban-

245 3465 298 3523 tur
331 3462 387 3540 (cf.
416 3461 562 3542 Hesych.
591 3483 622 3524 v.
656 3459 805 3546 pegasus)
841 3466 874 3524 et
906 3462 996 3544 apud
1028 3463 1234 3544 Hesychium
1266 3464 1408 3526 alterum

320 3737 367 3804 ¹⁰⁹)
403 3753 419 3788 e
441 3736 535 3788 multis
560 3751 645 3787 unum
669 3736 827 3804 exemplum
852 3752 1000 3806 apponam.
1035 3757 1062 3791 v.
1085 3730 1218 3804 δήμαρχος
1239 3737 1407 3805 Hesychium

244 3841 307 3876 cum
325 3824 409 3893 Harp.
429 3838 603 3876 communem
621 3823 727 3876 fontem
745 3823 877 3876 habuisse
894 3823 924 3876 id
943 3824 1121 3892 demonstrat,
1145 3825 1222 3892 quod
1244 3825 1408 3892 demarchis,

243 3912 278 3964 ad
298 3926 368 3980 quos
387 3924 585 3962 nancrarcrum
604 3909 695 3962 officia
712 3911 880 3980 transierint,
898 3910 973 3978 apud
985 3915 1134 3979 utrumqne
1145 3927 1245 3962 munus
1258 3913 1407 3980 pignorum

243 3997 442 4067 capiendorum
460 3996 599 4049 tribuitur.
634 3994 815 4064 Harpocratio
834 4000 959 4049 auctores
978 3996 1085 4049 addidit
1100 3995 1281 4050 Aristotelem
1299 4002 1327 4048 et
1344 3995 1405 4048 Ari·

243 4083 417 4153 stophanem,
435 4084 464 4136 in
484 4083 605 4150 epitome
622 4081 798 4150 Hesychiana
816 4083 924 4137 desunt.
961 4083 1010 4136 sed
1032 4099 1068 4136 ne
1089 4083 1269 4152 Harpocratio
1294 4083 1406 4152 quidem

244 4170 288 4222 hic
305 4169 487 4224 Aristotelem
509 4169 623 4238 plenum
646 4171 775 4238 servavit,
799 4174 919 4222 attamen
943 4171 1007 4222 fecit
1029 4170 1085 4223 alio
1108 4171 1170 4222 loco
1194 4188 1220 4222 v.
1238 4157 1407 4238 ναυκραρικοὶ

246 4272 415 4325 quamquam
434 4271 508 4308 nunc
526 4259 665 4324 corrupto.
701 4257 795 4324 priore
819 4257 881 4310 loco
904 4258 965 4325 ipsa
983 4259 1072 4310 oratio
1091 4257 1206 4325 obliqua
1222 4256 1327 4309 indicat
1345 4273 1407 4310 eum

246 4345 405 4397 Aristotelis
424 4343 614 4396 testimonium
631 4344 772 4411 integrum
789 4344 887 4395 afferre
903 4344 1036 4396 noluisse.
1072 4344 1147 4412 apud
1164 4343 1305 4396 Pollucem
1325 4348 1338 4408 5
1358 4343 1408 4398 108

245 4431 337 4483 solnm
355 4430 514 4483 Aristotelis
533 4430 722 4482 testimonium
740 4429 851 4500 legitur,
869 4430 977 4498 reliqua
994 4431 1165 4484 omittuntur.

320 4515 366 4584 ¹¹⁰)
403 4515 439 4568 ad
455 4515 576 4570 Acharn.
594 4515 636 4568 44.

791 4627 814 4674 't
