3180 5136
669 400 821 502 ΔΙ*

166 607 282 673 contra
302 608 543 672 Aristocratem
566 612 628 688 (cr.
652 605 704 690 23,
726 604 784 671 28.2
802 609 840 671 cf.
862 608 965 691 Harp.
988 627 1013 674 s.
1031 602 1169 685 ἄξονι).“
1197 606 1326 688 Harpo-

166 713 268 776 cratio
292 717 383 775 certe
405 716 439 774 et
452 712 600 794 glossam
615 707 632 776 ὃ
651 711 807 775 κάτωθεν
821 709 920 791 νόμος
936 716 970 775 et
985 712 1027 794 gl.
1045 706 1139 786 ἄξονι
1154 728 1174 773 e
1188 708 1326 790 Didymi

164 814 426 878 Demosthenico
451 817 690 879 commentario
713 815 862 897 sumpsit.
905 816 974 877 iam
1003 831 1085 877 cave
1113 811 1229 875 credas
1251 810 1326 874 Pol-

164 919 274 980 lucem
312 918 421 999 ipsum
459 936 528 980 sua.
557 936 599 981 ex
632 919 698 982 hoc
734 918 997 999 hypomnemate
1032 916 1193 980 hausisse.
1248 933 1327 978 nam
1427 985 1429 991 .

165 1021 296 1084 etiamsi
316 1020 570 1084 Demosthenici
591 1021 668 1103 loci,
697 1021 740 1085 ad
769 1039 853 1103 quos
875 1021 935 1084 illa
956 1021 1084 1084 scholia
1104 1018 1328 1101 pertinebant,

164 1141 233 1186 nou
267 1124 314 1186 ita
341 1123 459 1205 procul
487 1142 508 1185 a
535 1142 573 1188 se
606 1124 728 1188 absunt
761 1128 794 1187 et
819 1125 855 1188 in
878 1124 1018 1186 Polluce
1043 1123 1180 1186 minime
1207 1121 1328 1204 obstat,

166 1224 257 1309 quod
280 1227 346 1290 alio
373 1225 491 1289 ordine
517 1227 603 1292 haec
630 1229 666 1290 in
694 1227 829 1291 scholiis
859 1226 1113 1307 exlribebantur,
1142 1226 1208 1289 alio
1238 1223 1328 1306 apud

163 1329 337 1392 Pollucem
370 1329 527 1412 legrmtur
563 1328 668 1412 (apud
700 1330 967 1393 Demosthenem
1000 1329 1090 1392 enim
1122 1322 1139 1392 ὁ
1174 1326 1329 1390 κάτωθεν

164 1430 265 1512 νόμος
285 1430 457 1514 praecedit
478 1450 608 1495 vocem*
622 1427 740 1515 ἄξονι),
764 1436 877 1495 tamen
891 1431 1019 1514 κύρβεις
1033 1449 1102 1494 vox
1116 1433 1148 1494 in
1165 1431 1327 1514 principio

165 1536 275 1616 posita
297 1553 360 1598 nos
381 1535 426 1599 ad
441 1540 613 1598 auctorem
630 1535 731 1618 ducit,
755 1537 813 1618 qui
829 1537 948 1617 etipse
962 1535 1042 1598 inde
1056 1536 1188 1598 initium
1203 1534 1328 1600 fecerit.

166 1639 228 1700 etsi
248 1656 330 1701 vero
354 1637 574 1702 Schmidtium
596 1639 745 1720 sequeris
769 1639 946 1702 docentem
962 1639 1147 1719 Didymum
1170 1653 1273 1720 saepe
1293 1637 1329 1699 in

165 1743 288 1826 κωμικῇ
309 1739 394 1816 λέξει
420 1742 523 1823 ipsius
553 1741 796 1823 explicationes
820 1760 839 1804 e
863 1741 1109 1806 commentariis
1137 1740 1205 1804 suis
1232 1757 1328 1822 repe-

166 1841 338 1927 tiisse¹⁰⁴),
360 1845 586 1927 nihilominus,
610 1862 686 1907 cum
709 1846 780 1908 eius
804 1844 1048 1908 declarationes
1071 1842 1161 1925 apud
1182 1842 1328 1924 Herpv.

167 1939 361 2010 ὁκοὲτωθιν
383 1945 484 2027 νόμος
506 1948 587 2010 nihil
610 1947 653 2011 ad
680 1945 824 2030 κύρβεων
853 1951 887 2011 et
915 1942 1041 2021 ἀξόνων
1069 1946 1329 2028 explicationem

165 2050 355 2130 pertineant
376 2054 410 2113 ct
432 2068 501 2115 non
522 2052 587 2114 nisi
609 2051 652 2114 ad
667 2051 905 2116 Demosthenis
927 2050 1040 2114 locum
1062 2051 1197 2131 facient,
1218 2049 1329 2130 ipsum

165 2151 348 2232 Didymnm
370 2153 429 2218 illa
450 2155 565 2218 omnia
585 2155 621 2218 in
642 2153 728 2230 λέξει
749 2157 872 2240 κωμικῇ
896 2155 1111 2218 coniunxisse
1131 2169 1202 2216 non
1225 2149 1328 2214 credi·

166 2254 281 2318 derim.
304 2259 361 2318 at
383 2274 484 2339 quem
506 2259 612 2340 magn
633 2257 832 2321 arbitremur
855 2259 1027 2340 copiosam
1048 2255 1187 2338 Didymi
1211 2255 1262 2318 his
1286 2254 1329 2317 de

164 2357 265 2420 rebus
289 2357 475 2436 doctrinam
501 2361 536 2422 in
564 2361 675 2423 lexico
710 2362 839 2424 comico
875 2360 1183 2442 commentarioque
1204 2359 1329 2421 Demo·
1428 2371 1430 2376 ·

166 2461 315 2525 sthsnico
340 2462 524 2544 dispersam
548 2464 755 2547 congessisse
778 2483 879 2546 quam
893 2463 1128 2547 Pamphilum?
1158 2459 1249 2544 apud
1263 2459 1328 2523 He·

165 2565 318 2644 sychium
341 2580 477 2646 quoque
498 2565 583 2628 haec
607 2565 822 2628 exhibentem
844 2563 969 2650 κύρβιςῑ
999 2559 1096 2648 στήλη
1119 2566 1286 2648 τρίγωνος,
1310 2557 1329 2646 ἢ

164 2665 290 2742 ξύλινος
313 2660 409 2743 ἄξων,
432 2668 469 2728 ἐν
491 2656 516 2747 ᾧ
539 2665 576 2742 τὸ
600 2664 744 2730 παλαιὸν
767 2666 800 2729 οἱ
821 2667 916 2749 νόμοι
939 2666 1122 2751 ἐγράφοντο
1146 2685 1209 2750 ego
1231 2668 1329 2732 Pam·

164 2770 267 2852 philei
290 2769 437 2832 thesauri
459 2765 598 2833 disiecta
619 2771 772 2836 membra
800 2789 984 2854 agnoscere
1012 2772 1092 2834 mihi
1119 2770 1237 2834 videor
1266 2769 1328 2834 dis-

166 2874 312 2937 sentiens
342 2891 363 2935 s
389 2872 468 2934 viris
504 2872 620 2938 doctis.
670 2874 860 2938 Nauckium
895 2875 1142 2957 (Aristophanis
1175 2874 1330 2954 Byzantii

165 2976 351 3059 fragmenta
380 2976 498 3059 colleg.
528 2981 590 3040 etc.
620 2978 659 3041 A.
681 2978 811 3061 Nauck,
833 2979 927 3042 Halis
951 2976 1044 3062 1848,
1065 2998 1098 3060 p.
1121 2975 1199 3057 220)
1230 2978 1328 3059 enim,

167 3080 224 3161 qui
238 3079 444 3161 Hesychium
458 3080 718 3163 Aristophanem
740 3083 837 3166 sequi
858 3082 1091 3165 arbitrabatur,
1102 3081 1191 3145 bene
1209 3081 1330 3145 refellit

165 3182 208 3244 M.
223 3181 372 3247 Schmidt
388 3182 541 3265 (Didymi
556 3186 743 3268 fragmenta
758 3186 876 3269 colleg.
891 3191 952 3250 etc.
968 3186 1011 3248 M.
1025 3184 1184 3268 Schmidt,
1196 3185 1329 3267 Lipsiae

169 3282 262 3368 1854,
282 3306 315 3367 p.
338 3283 393 3365 59)
415 3322 455 3332 -
474 3288 601 3351 scilicet
622 3289 883 3372 Aristophanem
907 3289 1192 3373 quadrangulares
1215 3287 1329 3350 defini·

165 3389 254 3450 visse
277 3388 409 3450 tabulas
431 3389 505 3452 illas
528 3391 651 3453 scimus
673 3390 799 3456 -sed
827 3410 871 3454 ne
897 3392 933 3455 id
963 3392 1109 3474 quidem,
1138 3389 1230 3474 quod
1257 3390 1330 3472 ipse

166 3491 305 3574 protth
325 3491 520 3575 recepitque
542 3490 663 3556 Rohde
691 3493 782 3572 (loco
805 3498 875 3558 not.
899 3492 915 3555 l
941 3494 1078 3557 laudato
1101 3513 1133 3575 p.
1158 3492 1224 3575 17),
1252 3510 1330 3557 eum

165 3592 395 3656 Eratosthenis
424 3597 625 3658 sententiam
652 3597 787 3680 referre,
821 3596 967 3680 probare
993 3614 1141 3680 possum.
1186 3597 1330 3680 primum

167 3699 256 3760 enim
277 3697 388 3780 ipsum
407 3697 492 3760 illud
514 3693 534 3784 ἢ
556 3699 677 3790 suadet
697 3718 759 3764 nos
782 3700 836 3762 hic
857 3699 941 3764 dues
965 3699 1114 3772 diversas
1138 3700 1331 3782 explicatio-

238 4016 287 4085 104)
322 4015 412 4069 simile
435 4015 543 4085 aliquid
566 4018 744 4072 statuendum
768 4020 818 4071 erit
841 4018 876 4071 de
897 4021 942 4087 iis,
966 4034 1038 4088 quae
1061 4019 1134 4072 Rose
1158 4018 1193 4072 ed
1218 4018 1332 4087 Didymi

166 4099 234 4169 λέξιν
250 4095 376 4171 κωμικήν,
393 4103 484 4174 Prinu,
501 4104 543 4156 De
560 4103 671 4158 Solonis
689 4105 845 4158 Plutarchei
864 4106 997 4176 fontibus,
1019 4106 1134 4159 Bonnae
1153 4103 1229 4174 1867,
1253 4122 1279 4174 p.
1297 4105 1332 4160 28

166 4191 215 4258 (ο1.
233 4207 260 4260 p.
278 4190 331 4261 29),
358 4190 393 4244 ad
412 4190 537 4244 eiusdem
562 4189 623 4260 περὶ
645 4191 699 4244 τῶν
721 4185 828 4257 ἀξόνων
849 4191 904 4244 τῶν
924 4185 1050 4254 Σόλωνος
1073 4183 1241 4258 ἀντιγραφὴν
1262 4187 1331 4258 πρὸς

164 4269 358 4345 Ἀσκληπιάδην
375 4278 477 4331 referre
494 4277 608 4331 mavult.
644 4294 708 4332 nam
726 4284 757 4331 ut
774 4279 952 4334 Plutarchum
970 4281 1018 4332 vit.
1035 4278 1093 4332 Sol.
1112 4277 1154 4344 25,
1173 4280 1222 4347 qui
1240 4294 1299 4347 cap.
1317 4281 1328 4331 1

167 4364 240 4417 hunc
257 4366 349 4432 ipsum
367 4365 471 4418 librum
488 4367 626 4436 citaverat,
650 4381 685 4418 ex
704 4367 803 4419 eodem
821 4366 871 4420 ille
888 4369 1040 4436 sumpsisse
1057 4381 1146 4435 paene
1163 4380 1214 4433 pro
1234 4365 1331 4433 explo-

167 4455 228 4503 rato
247 4456 289 4504 est
305 4451 474 4522 habendum,
501 4454 540 4504 sic
564 4453 660 4506 sedem
684 4454 729 4508 vel
752 4459 825 4510 certe
848 4455 951 4510 similia
977 4470 1013 4510 ne
1039 4470 1056 4508 a
1083 4453 1188 4510 comico
1217 4451 1332 4524 quidem

168 4538 259 4591 lexico
277 4538 382 4591 afuisse
398 4554 562 4607 persuasum
580 4539 679 4594 habeo.
