3180 5136
718 361 869 462 —lbdm

209 561 249 648 ἣν
272 572 561 648 προσέρραινον
583 565 687 649 κύκλῳ
712 567 811 631 etad
834 567 937 631 schol.
961 568 1003 631 ad
1027 569 1058 630 h.
1081 569 1103 631 l.
1127 568 1211 632 κατὰ
1234 567 1294 652 γὰρ
1316 569 1375 652 τὴν

210 664 334 749 ἀγορὰν
370 668 508 751 ἐσόβουν
542 669 586 744 εἰς
616 668 788 754 ἐκκλησίαν
816 667 890 742 σονς
913 664 1113 752 Ἀθηναίους
1141 670 1372 753 μεμίλοωμένῳ

210 775 349 852 σχοινίῳ.
394 773 475 836 illud
502 775 602 856 igitur
624 792 684 855 pro
710 779 801 838 certo
824 773 941 836 haberi
962 778 1075 854 potest
1095 792 1165 837 non
1188 793 1230 836 ex
1253 775 1374 838 eodem

209 876 301 936 fonte
318 873 378 952 ¹¹¹)
407 875 582 938 Pollucem
609 875 884 958 Hesychiumque
912 893 1077 939 manasse.
1129 877 1189 939 sed
1217 879 1374 940 facillime

210 983 349 1060 apparet
370 979 530 1059 Hesychii
552 979 699 1060 glossam
722 979 989 1042 ecommentarii
1012 979 1082 1058 (vel
1097 979 1210 1058 lexici]
1234 980 1310 1043 loco
1330 981 1373 1042 ad

208 1081 318 1161 ipsum
340 1098 475 1144 versum
496 1081 623 1144 Eccles.
647 1079 710 1144 378
732 1083 920 1163 pertinente
942 1098 1054 1164 neque
1076 1077 1259 1164 quidquam
1283 1082 1373 1144 aliud

209 1184 273 1246 uisi
294 1184 383 1257 huuc
405 1185 518 1247 locum
542 1185 732 1266 explicante
748 1187 914 1265 sumptam
932 1201 1014 1246 esse.
1044 1185 1078 1246 in
1093 1185 1229 1267 reliquis
1245 1186 1372 1268 glossis,

209 1303 297 1368 quae
315 1285 358 1348 ad
372 1287 547 1351 Pollucem
569 1286 612 1349 de
634 1287 811 1350 laxiarchis
834 1287 948 1351 referri
965 1291 1106 1368 possunt
1129 1286 1321 1370 (τριάκοντα
1341 1294 1374 1351 et

208 1384 413 1472 ληξιαρχικὸν
434 1392 683 1471 γραμματεῖον),
707 1391 859 1472 congruit
873 1389 1070 1470 Hesychius,
1087 1426 1128 1435 —
1146 1391 1296 1458 simfliter
1311 1393 1372 1454 for-

208 1495 297 1554 tasse
308 1510 361 1554 res
373 1511 410 1555 se
421 1493 534 1574 habet,
553 1511 757 1574 quamquam
774 1509 844 1555 nou
863 1497 930 1554 tam
949 1503 1063 1573 aperte
1079 1491 1300 1556 demonstrari
1315 1513 1389 1575 po,

209 1599 282 1676 test,
293 1596 328 1656 iu
339 1595 485 1676 Hesych.
498 1596 540 1678 gl.
554 1590 736 1680 ἄμφιορκίιγ
750 1600 783 1658 et
793 1596 877 1659 Poll.
892 1600 906 1672 t
922 1591 991 1656 122.
1007 1594 1129 1658 Pollux
1142 1598 1231 1658 enim
1242 1595 1374 1659 videtur

207 1698 265 1759 illa
281 1716 300 1760 c
314 1699 508 1780 longissima
525 1699 692 1780 Pamphili
713 1699 825 1782 glossa
846 1696 1037 1780 δικαστήρια
1049 1693 1210 1780 Ἀθήνησι
1229 1698 1372 1780 descrip-

207 1801 299 1883 sisse,
314 1801 502 1881 Hesychius
515 1801 558 1863 de
570 1797 753 1885 ἀμφιορκίᾳ
764 1801 969 1882 peculiarem
982 1801 1128 1882 glossam
1142 1801 1291 1882 praebet.
1323 1805 1373 1863 est

208 1907 319 1966 autem
343 1906 432 1966 totus
455 1903 512 1965 ille
526 1904 673 1966 Pollucis
690 1903 786 1966 locus
802 1921 821 1966 e
835 1903 986 1984 pluribus
1003 1903 1195 1970 auctoribus
1212 1905 1372 1986 congluti-

206 2009 315 2088 natus
362 2007 556 2088 Pamphilus
585 2007 684 2089 igitur
711 2007 758 2070 ibi
787 2007 889 2068 alium
918 2009 1089 2070 auctorem
1118 2009 1214 2089 sequi
1241 2011 1373 2089 poterat

208 2113 309 2191 atque
330 2131 360 2171 v.
385 2105 577 2192 ἀμφωρκία.
622 2115 736 2173 tamen
763 2111 830 2172 iam
858 2111 892 2171 iu
920 2111 1032 2192 priore
1059 2111 1168 2192 capite
1190 2111 1373 2192 significavi

206 2213 287 2274 mihi
307 2199 415 2293 ipsam
432 2230 504 2277 rem
526 2212 754 2276 obscuriorem
777 2211 895 2275 videri:
921 2231 1022 2294 quam
1046 2212 1089 2275 ob
1114 2230 1250 2275 causam
1272 2231 1316 2275 ne
1338 2212 1372 2274 id

208 2315 348 2397 quidem
366 2317 474 2378 ausim
497 2317 650 2398 experiri,
673 2318 701 2378 si
722 2318 808 2378 sorte
830 2316 966 2378 alterius
990 2333 1081 2379 error
1100 2333 1214 2378 cvera
1236 2317 1372 2378 alterius
1476 2317 1478 2324 ⁴

207 2419 373 2482 sententia
395 2419 556 2482 declarari
577 2419 692 2500 possit.

291 2538 404 2600 Unum
438 2539 579 2602 fortasse
615 2539 806 2600 etiamnunc
835 2539 1001 2620 quispiam
1027 2539 1109 2600 mihi
1137 2493 1275 2602 obiciat:
1310 2555 1371 2600 nos

207 2641 297 2723 apud
312 2642 487 2705 Pollucem
510 2640 641 2704 duobus
656 2641 740 2703 locis
757 2639 957 2721 εἰσαγωγέων
974 2641 1234 2722 explicationem
1249 2640 1371 2723 legere,

208 2750 223 2822 5
252 2741 293 2806 93
323 2748 356 2806 et
386 2741 529 2821 101112).
567 2745 682 2825 itaque
717 2744 840 2806 Pollux
876 2744 995 2806 saltem
1033 2742 1100 2805 duo
1137 2743 1248 2807 lexica
1282 2741 1371 2804 adhi-

11 2915 12 2922 γ
130 2865 132 2870 ·
206 2847 300 2910 buit?
333 2847 489 2910 minime:
525 2847 790 2928 contemplemur
819 2848 909 2908 anim
938 2845 1128 2928 diligentius
1155 2846 1279 2926 locum,
1314 2841 1370 2907 ubi

206 2951 334 3032 priores
355 2951 404 3012 illi
427 2948 609 3030 εἰσαγωγεῖς
632 2954 803 3032 apparent.
835 2967 923 3030 quae
946 2948 989 3011 de
1006 2966 1130 3012 novem
1154 2947 1369 3011 archontibus

208 3057 413 3135 enarrantur,
436 3054 594 3115 universa
618 3071 662 3116 ex
683 3052 866 3115 Aristotele
888 3053 1008 3114 hausta
1023 3055 1101 3114 suut
1114 3052 1263 3132 itemque
1277 3068 1371 3131 pare-

208 3156 344 3222 drorum
373 3161 466 3236 (cum
494 3154 628 3241 scriba),
656 3157 924 3238 hipparchorum,
952 3155 1223 3237 phylarchorum,
1253 3154 1371 3216 taxiar-

208 3260 346 3322 chorum
369 3259 629 3342 declarationes·7
657 3259 700 3322 de
722 3260 915 3322 athlothetis
937 3258 1019 3321 nihil
1042 3258 1204 3339 comperti
1225 3256 1371 3319 habeba-

207 3381 290 3426 mus.
335 3365 403 3426 iam
424 3381 506 3426 vero
530 3363 736 3426 athlothetae
758 3363 946 3444 reliquique
974 3379 1083 3442 usque
1111 3361 1153 3422 ad
1182 3360 1372 3422 taxiarchos

208 3464 330 3528 codem
353 3465 470 3528 ordine
494 3466 712 3548 explicantur,
738 3483 804 3546 quo
822 3465 858 3526 in
873 3470 889 3541 ς
905 3462 946 3525 87
962 3465 1127 3544 leguntur.
1157 3463 1371 3525 Aristotelem

208 3573 322 3631 autem
345 3570 468 3631 scimus
489 3570 600 3650 ipsum
623 3568 761 3650 siugulis
778 3567 879 3630 rebus
895 3562 1007 3629 statim
1024 3566 1264 3647 explicationes
1280 3564 1371 3627 addi-

208 3670 305 3734 disse.
350 3675 431 3752 puto
455 3671 554 3752 igitur
575 3670 750 3732 Pollucem
771 3669 807 3731 in
821 3668 932 3731 lexico
950 3687 970 3730 a
985 3686 1022 3730 se
1038 3667 1186 3730 adhibito
1204 3685 1244 3729 ea
1259 3667 1372 3729 omnia

279 3980 328 4047 ¹¹¹)
363 3980 417 4032 hoc
434 3981 518 4048 Leop.
537 3978 661 4032 Schmidt
679 3976 898 4044 (Antiquitatum
917 3991 1078 4044 graecarum
1100 3978 1191 4045 capita
1214 3976 1278 4042 duc,
1302 3979 1370 4029 Mar-

206 4070 290 4138 burgi
303 4067 378 4137 1867,
395 4084 423 4137 p.
435 4067 470 4138 X)
490 4067 525 4119 ad
542 4069 619 4136 ipsos
638 4065 781 4119 Pollucem
798 4064 1025 4132 Hesychiumque
1044 4067 1170 4132 spectans
1190 4065 1304 4133 censuit,
1322 4063 1371 4115 sed

207 4171 263 4208 non
287 4159 402 4208 noverat
419 4155 506 4208 schol.
526 4153 610 4206 Arist.
628 4153 732 4206 Ecclcs.
768 4168 835 4204 num
858 4151 977 4206 fortasse
1000 4155 1149 4220 utrumque
1174 4149 1370 4219 Aristophanis

207 4241 334 4296 scholion
352 4241 476 4295 ciusdem
495 4241 615 4294 auctoris
639 4241 683 4309 sit,
707 4238 741 4290 de
760 4253 792 4290 ea
810 4254 840 4291 rc
857 4237 930 4290 nihil
947 4239 1049 4290 certius
1069 4239 1153 4290 statui
1170 4241 1371 4306 potestasque

209 4329 361 4398 quidquam
380 4329 415 4382 ad
433 4329 504 4382 hanc
522 4311 714 4396 quaestionem
733 4327 837 4379 attinet.
873 4373 876 4379 .

282 4415 329 4482 ¹¹¹)
365 4433 429 4468 nam
447 4411 492 4468 hic
511 4431 623 4484 quoquc
641 4413 753 4464 Bekker
769 4411 919 4479 εἰσαγωγεῖς
936 4413 999 4478 (pro
1019 4406 1170 4480 ἐπαγωγοῖς)
1187 4410 1256 4478 legit
1268 4425 1283 4460 e
1295 4409 1369 4460 codi-

209 4502 287 4554 cibus
305 4504 371 4573 suis,
390 4506 414 4556 si
433 4503 502 4573 quid
520 4518 536 4554 e
553 4501 665 4555 silentio
684 4502 743 4552 eius
763 4501 888 4552 conicere
906 4499 978 4551 licet.
