3194 5136
775 409 813 473 15

289 617 342 677 De
363 617 743 698 nomop'hylacibus
766 620 845 682 satis
870 621 931 682 erit
952 620 1019 682 lex.
1044 617 1139 682 Cant.
1163 621 1370 702 ascripsisse:

203 716 446 802 νομοφύλακες;
471 717 579 802 ἕτεροί
599 719 661 782 εἶσι
683 723 749 782 τῶν
763 723 998 802 θεσμοθετῶν,
1021 709 1064 796 ὧς
1087 720 1369 806 Φιλόχοροςῑθ)

203 820 241 881 ἐν
261 823 300 906 τῇ
323 821 467 906 ἑβδόμη·
485 819 519 884 οἱ
538 826 599 902 μὲν
621 821 682 906 γάρ
700 818 855 905 ἄρχοντες
872 819 1048 907 ἀνέβαινον
1064 823 1109 898 εἰς
1123 819 1249 908 ’Ἄρειον
1264 823 1371 906 πάγον

204 922 478 1004 ἐστεφανωμένοι,
505 922 540 988 οἴ
560 923 596 987 δὲ
616 923 845 1009 νομοφύλακες
868 925 1011 1011 στρόφια
1025 923 1132 1007 χαλκδι
1154 921 1287 1008 άγοντες
1311 930 1373 1007 (sic

205 1025 290 1108 cod,
318 1027 415 1090 Phot.
444 1050 476 1090 v.
510 1026 545 1089 οἱ
576 1026 819 1112 νομοφύλακεςε
855 1033 1023 1112 στροφίοις
1058 1027 1184 1104 λευκοῖς
1211 1031 1388 1114 ἐχρῶντο)λ

203 1128 259 1189 καλ
277 1124 335 1213 [ἐν]
358 1135 431 1202 ταῖς
446 1132 544 1204 θέαις
566 1131 719 1194 ἐναντίον
741 1135 807 1194 τῶν
829 1128 997 1215 ἀρχόντων
1019 1132 1215 1206 ἐκαθίζοντο
1238 1135 1292 1195 καί
1314 1131 1374 1216 την

205 1229 340 1315 πομπὴν
368 1229 516 1312 ἔπεμπον
549 1233 589 1318 τῇ
616 1231 787 1296 Παλλάδι·
815 1233 874 1308 τάς
904 1230 932 1296 δ’
964 1231 1065 1316 άρχάς
1092 1233 1277 1320 η’νάγκαζον
1305 1243 1373 1308 τοϊς

203 1331 316 1414 νόμοις
337 1337 493 1418 χρῆσθαι,
517 1337 571 1398 καὶ
594 1337 630 1399 ἐν
652 1338 690 1423 τῇ
713 1335 867 1422 ἐκκλησίᾳ
889 1338 944 1399 καλ
967 1338 1003 1400 ἐν
1025 1339 1063 1422 τῇ
1078 1334 1179 1422 βουλῇ
1201 1337 1284 1418 μετά
1306 1341 1372 1402 τῶν

205 1435 375 1521 προέδρων
396 1435 563 1521 ἐκάθηντο
578 1437 761 1515 κωλύοντες
781 1439 825 1503 τά
842 1436 1022 1524 ἀσύμφορα
1043 1442 1082 1524 τῇ
1104 1437 1200 1504 πόλει
1215 1439 1373 1524 πράττειν

206 1537 316 1624 (Phot.
344 1542 512 1623 ψηφίζειν,
540 1544 607 1606 lex.
636 1543 743 1606 Bokk.
774 1541 846 1626 283,
878 1542 928 1605 16*
945 1544 1181 1627 ἐπιψηφίζειν).
1232 1543 1318 1606 ἑπτά
1341 1542 1370 1606 δ’

204 1631 288 1725 ἦσαν
310 1646 365 1705 καί
387 1651 600 1728 κατέστησαν,
623 1641 666 1720 ὥς
690 1643 879 1728 Φιλόχορος,
903 1640 959 1710 ὅτε
974 1642 1150 1729 Ἐφιάλτης
1170 1643 1259 1726 μόνα
1281 1655 1371 1710 κατέ-

161 1830 164 1838 ,
205 1742 280 1808 λιπε
301 1749 340 1832 τῇ
361 1749 396 1822 ἐξ
413 1744 534 1832 Ἀρείου
556 1747 786 1836 πάγουβουλῇ
815 1749 858 1814 τά
885 1744 968 1831 ὑπὲρ
991 1751 1049 1812 τοῦ
1078 1747 1286 1831 reparcam)
1332 1755 1371 1815 cf.

204 1849 306 1932 Harp.
329 1873 360 1916 v.
384 1850 622 1935 νομοφύλακες.
1276 1863 1279 1868 ’

291 1955 410 2038 Vides,
441 1974 542 2037 qnam
571 1957 761 2020 mutilatum
788 1956 1028 2019 Philochorum
1056 1955 1219 2036 praebeat
1240 1957 1372 2038 Pollux,

206 2060 307 2139 atque
337 2059 438 2122 etiam
461 2060 581 2122 melius
610 2059 797 2141 intelleges,
826 2059 854 2120 si
875 2059 1042 2126 Photiaua
1064 2059 1257 2141 contuleris,
1286 2077 1374 2141 quae

207 2178 413 2244 quamquam
451 2165 616 2228 memoria
648 2163 842 2225 Philochori
873 2162 1030 2243 neglecta
1063 2179 1106 2224 ex
1134 2178 1176 2224 eo
1207 2161 1374 2243 descripta

125 2313 131 2326 .
207 2281 281 2326 esse
303 2266 518 2329 manifestum
542 2272 601 2330 est.

701 2399 900 2498 §os-96¹

292 2555 432 2620 Ascribo
451 2559 745 2638 grammaticorum
762 2559 873 2639 locos,
898 2558 955 2639 qui
975 2556 1018 2619 ad
1035 2556 1211 2619 Pollucem
1231 2560 1371 2622 faciunt:

206 2658 309 2741 Harp.
332 2662 428 2740 κυρία
450 2658 620 2742 ἐκκλησίαι
727 2663 811 2734 τίνες
841 2658 876 2721 δὲ
899 2657 936 2721 αἱ
962 2658 1073 2740 κύριαι
1095 2658 1262 2742 ἐκκλησίαι
1279 2657 1373 2745 Ἀρι-

206 2760 398 2845 στοτίλης
426 2759 605 2844 δεδήλωκεν
640 2764 676 2825 ἐν
703 2764 742 2848 τῇ
764 2757 948 2845 Ἀθηναίων
974 2759 1126 2847 πολιτείηι
1160 2759 1263 2846 λέγων
1299 2762 1374 2839 τοὺς

206 2867 380 2947 πρυτάνεις
403 2863 554 2947 συνάγειν
576 2864 635 2948 τὴν
655 2862 778 2950 βουλὴν
799 2867 855 2928 καὶ
876 2863 935 2929 τὸν
958 2864 1069 2950 δῆμον,
1092 2864 1151 2949 την
1170 2870 1232 2947 μὲν
1252 2847 1374 2952 βουλίην

205 2963 374 3055 ὁσημέραι,
397 2965 482 3052 πλὴν
505 2965 565 3032 ἐάν
587 2991 634 3043 τις
658 2963 819 3052 άφέσιμος
840 2953 870 3053 ᾖ,
893 2963 952 3030 τὸν
967 2966 1002 3029 δὲ
1025 2966 1127 3052 δῆμον
1148 2967 1297 3050 τετράκις
1319 2973 1375 3055 τῆς

205 3077 405 3153 πρυτανείας
427 3069 575 3154 ἑκάστης.
601 3069 860 3156 ,προγράφουσι
883 3070 928 3146 δέ,
951 3087 1041 3156 φησι,
1063 3072 1120 3133 καλ
1134 3075 1250 3155 κυρίαν
1266 3071 1373 3158 ἐκκλη-

278 3329 312 3397 m)
347 3329 377 3381 id
396 3328 710 3382 est:11tePhiloohori
734 3327 922 3395 descriptione
946 3327 1184 3394 nomophylacum
1207 3343 1375 3398 cognoscere

206 3417 280 3470 licet.
315 3416 478 3470 Philochori
506 3417 580 3468 enim
603 3431 712 3469 nomen·
731 3431 766 3465 ex
789 3429 868 3466 more
893 3415 1137 3482 grammaticorum
1165 3429 1223 3467 non
1245 3417 1282 3468 ad
1304 3416 1374 3470 illud

204 3504 361 3572 discrimen,
384 3503 433 3555 sed
458 3503 494 3556 ad
516 3505 710 3570 insequentem
734 3498 973 3568 nomophylacum
996 3499 1213 3568 descriptionem
1237 3505 1375 3572 pertinere

203 3605 262 3644 non
278 3604 432 3658 monerem,
453 3591 508 3642 nisi
530 3605 620 3657 nuper
641 3588 695 3640 hac
717 3590 747 3638 in
770 3603 801 3638 re
824 3589 945 3638 erratum
969 3601 1029 3638 esso
1052 3586 1175 3639 viderem
1198 3591 1229 3654 (a
1246 3589 1374 3659 Strengio

204 3677 268 3730 loco
287 3693 303 3729 a
321 3691 366 3730 me
385 3676 420 3728 ad
439 3675 454 3744 5
475 3675 679 3741 1021audat0).

274 3763 313 3830 ²⁰)
348 3761 522 3814 Boeckhium
545 3762 649 3827 (Ueber
672 3762 698 3815 d.
721 3762 790 3813 Plan
814 3761 839 3814 d.
858 3760 951 3812 Atthis
976 3761 1024 3814 des
1047 3761 1172 3815 Philoch.
1200 3761 1244 3813 Kl.
1263 3760 1373 3815 Schrift.

203 3851 273 3920 Vp.
291 3849 365 3917 425),
383 3850 437 3901 nisi
454 3851 543 3916 ipsius
561 3850 768 3901 ratiocinationi
792 3848 957 3916 coluissent,
980 3863 1038 3900 uon
1061 3853 1129 3917 puto
1154 3849 1222 3900 haec
1248 3850 1374 3901 nomina·

204 3944 298 3990 turum
316 3938 403 3989 fuisse
422 3936 489 4005 „der
506 3935 677 3988 lnederliche
694 3934 811 4004 Artikel‚
830 3935 953 3988 welches
971 3934 1042 3986 nach
1062 3935 1125 3987 dem
1143 3935 1258 3988 bessem
1276 3936 1375 3988 Theile

204 4039 254 4076 aus
274 4025 364 4076 einem
383 4023 505 4076 anderen
523 4020 725 4074 Grammatiker
742 4021 976 4089 ausgeschrieben
993 4019 1046 4072 rso
1064 4021 1195 4090 maloque
1206 4021 1372 4076 Schoeman-

204 4125 280 4178 num,
299 4107 328 4162 C.
341 4109 372 4162 F.
384 4109 583 4178 Hermennum,
601 4109 672 4162 alios
691 4111 779 4177 sequi.
798 4114 919 4160 ceterum
933 4122 1004 4175 quae
1016 4107 1142 4160 Schoem.
1163 4107 1271 4176 (Antiq.
1282 4125 1310 4176 p.
1322 4108 1374 4162 299

204 4200 261 4248 not.
280 4195 309 4262 3)
328 4202 423 4249 contra
440 4195 613 4248 Boeckhium
632 4194 668 4247 de
685 4195 939 4265 nomophylacibus
958 4195 1001 4247 bis
1025 4209 1042 4245 a
1059 4194 1228 4248 Philochoro
1253 4210 1372 4248 comme-

205 4284 319 4334 moratis
339 4285 504 4353 suspicatur,
528 4298 561 4334 ea
585 4283 761 4335 confirmabit
783 4285 844 4349 ipse
866 4281 1027 4334 Boeckhius
1052 4284 1092 4349 (p.
1116 4281 1193 4347 429):
1218 4281 1285 4351 „der
1308 4281 1373 4334 Ver-

205 4369 292 4422 fasser
316 4369 468 4436 (Philoch.)
490 4369 563 4422 habe
585 4369 632 4421 bei
661 4369 710 4420 der
731 4367 915 4438 Fortsetaung
939 4368 987 4419 des
1012 4367 1133 4436 Werkes,
1157 4367 1277 4420 welches
1301 4367 1374 4419 doch

204 4455 435 4510 wahrscheinlich
454 4457 621 4511 sttiolrweise
638 4458 668 4508 in
682 4455 900 4509 verschiedenen
913 4455 1008 4507 Zeiten
1020 4453 1250 4522 herausgegebcn
1269 4453 1374 4522 wurde,

203 4541 257 4594 den
271 4547 400 4612 sptteren
411 4543 539 4597 Biichern
552 4543 738 4613 gelegentlich
750 4541 908 4610 Nachtrage
927 4558 960 4593 zu
974 4541 1028 4592 den
1045 4541 1177 4592 frdheren
1190 4539 1373 4609 cingewebt“.
