3194 5136
684 369 835 473 L

183 596 452 660 supervacaneas
475 579 658 644 addidisse:
689 581 737 642 sio
759 578 934 663 πρυτάνεις
963 578 1056 654 τοδς
1084 581 1151 659 τῆς
1173 582 1211 642 Π
1213 579 1287 642 ανδ
1294 601 1350 641 ιο-

183 678 310 762 νίδος,
334 699 411 743 oum
432 677 451 762 ἡ
474 679 727 766 προτανεάοοσα
749 680 835 766 φυλὴ
858 685 925 746 iam
947 685 982 746 in
998 685 1161 765 principio
1178 684 1353 750 nominata

184 787 273 846 essct
293 801 406 865 neque
429 785 514 848 alius
538 786 642 848 tribus
666 790 827 868 prytanes
856 787 920 848 nisi
947 786 1046 850 huius
1075 785 1255 868 significari
1277 803 1351 868 pos-

184 889 274 968 sent3
304 872 357 948 sic
380 887 415 946 ἐκ
444 889 509 949 τῶν
538 883 768 969 ὀμωμοκότων,
800 907 876 950 cum
907 906 1040 970 semper
1068 889 1287 951 nomothetae
1310 907 1353 951 ex

183 987 332 1051 holiastis
361 994 582 1053 sumerentur.
634 1009 676 1053 ex
710 992 784 1072 ipsa
818 991 883 1053 hac
916 991 1007 1053 mala
1043 990 1230 1074 diligentia,
1265 1008 1353 1073 quae

185 1091 285 1153 etiam
310 1095 392 1154 nota
415 1096 448 1155 et
470 1093 622 1175 vulgaria
649 1095 684 1155 in
707 1095 783 1177 lege
806 1111 848 1156 ea
871 1092 1108 1175 componenda
1136 1093 1353 1174 adhibuisset,

184 1211 253 1256 non
282 1195 354 1256 sine
381 1195 621 1276 probabilitate
651 1198 759 1259 conici
788 1214 889 1278 posse
919 1197 1020 1258 etiam
1047 1213 1225 1258 numerum
1253 1197 1352 1258 unius
1451 1213 1454 1218 ·
1578 1225 1579 1228 ¹

186 1298 219 1358 et
243 1296 335 1358 mille
358 1299 640 1381 nomothetarum,
664 1301 750 1361 sicut
773 1304 807 1360 et
829 1299 1005 1361 aPolluce
1028 1298 1226 1379 haderetur,
1248 1299 1352 1380 legiti-

185 1419 277 1461 mum
310 1401 416 1463 fuisse·
446 1405 479 1464 et
519 1403 754 1484 psephismatis
789 1403 918 1466 auctori
957 1420 1025 1466 non
1057 1403 1219 1484 ignotum.
1275 1421 1355 1464 nam

186 1503 446 1584 quingentorum
461 1522 640 1568 numerum
662 1507 697 1567 in
711 1507 940 1588 psephismate
957 1506 1117 1568 orationis
1135 1504 1354 1568 Andocideae

185 1603 228 1668 de
242 1606 410 1685 mysteriis
434 1612 448 1684 ξ
465 1604 506 1669 84
530 1612 832 1671 commemoratum
848 1612 944 1669 extra
960 1607 1117 1670 ordinem
1135 1609 1353 1670 constitutum

186 1724 260 1770 esse
284 1726 400 1772 omues
424 1712 647 1774 consentiunt.
678 1710 739 1773 sed
756 1711 904 1790 Pollucis
919 1709 1025 1773 verba
1040 1709 1077 1771 ἐν
1092 1700 1140 1782 οἷς
1162 1710 1236 1792 ἐξῆν
1258 1707 1355 1771 λῦσαι

185 1807 288 1888 νόμον
318 1810 480 1891 παλαιόν,
521 1810 560 1875 οὐ
597 1815 711 1875 θεῖναι
745 1817 821 1876 νέον
862 1816 940 1875 sunt
973 1814 1116 1876 fortasse
1152 1812 1303 1876 derivata
1337 1831 1356 1875 e

185 1911 424 1978 Demosthenis
436 1916 546 1979 verbis
559 1917 712 1998 quamvis
730 1917 766 1978 in
779 1917 879 1980 aliam
891 1915 1093 1978 seutentiam
1105 1914 1201 1997 dictis
1218 1913 1354 1997 Olynth.

185 2013 233 2076 III
256 2019 271 2092 §
297 2014 351 2079 10:
375 2020 564 2100 νομοθέτας
586 2021 761 2082 καθίσατε.
798 2021 834 2082 ἐν
858 2018 892 2081 δὲ
915 2016 1042 2092 τούτοις
1064 2024 1133 2092 τοῖς
1155 2021 1356 2099 νομοθέταις

185 2117 228 2202 μὴ
252 2120 367 2204 θῆσθε
388 2119 491 2203 νόμον
512 2119 638 2205 μηδένα
661 2120 740 2201 (οἰσὶ
762 2113 822 2204 γάρ
847 2119 954 2185 ἱκανοὶ
977 2116 1076 2201 ὑμῖν),
1101 2117 1189 2184 ἀλλὰ
1211 2121 1287 2198 τοὺς
1309 2121 1355 2197 εἰς

187 2220 224 2284 τὸ
247 2220 356 2306 παρὸν
377 2222 586 2305 βλάπτοντας
608 2220 694 2307 ὑμᾶς
718 2223 848 2288 λύσατε.

273 2326 429 2409 Sequitur
450 2329 486 2391 in
510 2329 652 2391 Polluce
674 2329 759 2392 alius
781 2330 897 2392 nescio
926 2331 1000 2411 quis
1022 2330 1244 2412 magistratus.
1274 2350 1354 2394 nam

187 2447 312 2494 nomen
336 2431 367 2494 ei
388 2432 423 2493 in
437 2449 506 2494 uno
525 2431 642 2494 codice
665 2435 699 2494 ct
722 2432 764 2495 ab
784 2432 988 2498 editionibus
1012 2436 1091 2494 ante
1105 2433 1356 2496 Bekkerianam

186 2533 329 2597 inditum
353 2532 540 2617 (πάρεδροι)
564 2535 686 2600 salsum
710 2553 784 2598 esse
806 2554 867 2598 suo
890 2537 964 2598 iure
993 2536 1123 2598 censuit
1145 2536 1249 2598 Meier
1273 2535 1355 2615 (Aa.

186 2637 282 2699 Proc.
306 2658 337 2719 p.
355 2635 396 2699 58
411 2641 507 2717 not).
531 2636 717 2700 secundum
735 2635 772 2700 O.
790 2637 1033 2720 Goettlingium
1057 2637 1142 2717 (Das
1157 2638 1355 2721 Pelasgicon

187 2742 222 2802 in
249 2740 376 2824 Athen,
410 2743 529 2806 Rhein.
566 2743 650 2806 Mus.
684 2742 724 2805 N.
762 2743 799 2804 F.
835 2743 883 2804 IV
917 2763 948 2821 p.
985 2739 1045 2806 341
1083 2745 1152 2805 not.
1187 2740 1244 2822 ,79)
1280 2749 1358 2806 sunt

188 2840 332 2927 φύλακες
355 2845 463 2927 (quod
478 2848 514 2909 in
529 2863 597 2909 uno
615 2846 733 2909 codice
747 2846 883 2928 legitur)
907 2845 962 2908 vel
978 2846 1148 2926 γνώμονες,
1171 2845 1358 2910 secundum

189 2945 371 3029 Bergkium
398 2949 530 3026 (Philol.
559 2949 703 3031 Theseu,
731 2947 1005 3030 Philolcg.·XIV
1031 2967 1063 3029 p.
1087 2942 1150 3009 388
1172 2951 1237 3030 sq.)
1262 2943 1357 3030 ἀκρο·

190 3046 334 3133 φύλακες
355 3051 411 3114 vel
426 3049 580 3133 πνλιοροί.
610 3052 834 3135 Pelasgicum,
858 3050 950 3133 quod
965 3049 1105 3113 Athenis
1122 3053 1203 3132 erat,
1226 3069 1359 3116 sacrum

193 3153 296 3216 fuisse
318 3154 453 3219 aliunde
478 3159 618 3238 constat,
648 3155 709 3219 sed
733 3154 775 3218 de
798 3155 857 3217 tali
878 3154 1075 3237 magistratu
1097 3169 1198 3216 nemo
1225 3157 1359 3235 practer

191 3257 365 3328 Pollucem
387 3259 497 3321 refert.

724 3433 739 3505 ς
765 3423 825 3490 102

278 3565 374 3649 Quae
396 3568 431 3628 in
456 3567 620 3649 principio
639 3569 782 3647 exstant,
806 3564 896 3647 apud
920 3564 1030 3627 solum
1044 3565 1221 3628 Pollucem
1242 3566 1358 3649 legun-

191 3675 262 3754 tur3
298 3672 334 3733 in
367 3671 586 3752 sequentihus
625 3671 779 3751 proxime
814 3667 945 3732 accedit
982 3668 1085 3732 schol.
1119 3669 1255 3731 Lucian.
1289 3670 1358 3731 Ιον.

192 3775 316 3838 confut.
343 3769 382 3834 16
406 3770 439 3834 οἱ
459 3770 576 3834 ἕνδεκα
604 3767 758 3852 άρχοντες
787 3760 871 3856 ἦσαν
900 3767 993 3852 παρά
1017 3765 1203 3854 Ἀθηναίοις
1231 3773 1296 3832 τῶν
1324 3771 1360 3833 ἐν

190 3879 235 3958 τῷ
259 3857 466 3958 δεσμωτρρίῳ
482 3872 735 3954 ἐπιμελούμενοι
756 3876 813 3936 καὶ
827 3871 904 3948 τοὺς
926 3875 1146 3955 ἐναγομένονς
1161 3867 1203 3946 ὡς
1218 3871 1360 3948 κλέπτας

190 3972 210 4062 ἢ
233 3973 499 4060 ἀνδραποδιστὰς
521 3973 539 4061 ἢ
562 3975 764 4052 λωποδύτας,
788 3972 829 4039 δν
851 3980 912 4055 μὲν
930 3971 1122 4055 ὁμολογῶσι,
1145 3974 1286 4055 θανάτῳ
1310 3979 1359 4060 ζη-

191 4083 330 4162 μιοῦσιν,
354 4079 414 4142 ἐὰν
437 4080 471 4143 δὲ
501 4077 759 4163 ἆμφισβητῶσιν,
789 4078 834 4153 εἰς
864 4076 1072 4160 δικαστήριον
1101 4075 1275 4158 ολσάγονσι,
1306 4081 1361 4141 καὶ

192 4180 210 4247 ὃ
240 4181 271 4246 δ’
303 4179 344 4247 ἄν
372 4185 473 4268 κριθῇ
502 4184 577 4263 περὶ
607 4178 715 4245 αὐτῶν
744 4184 886 4244 ποιοῦσι.
931 4181 987 4242 καὶ
1014 4177 1113 4255 εἴτις
1143 4175 1241 4254 ἄλλος
1263 4202 1361 4243 κατα-

193 4289 295 4374 κριθῇ
318 4284 482 4368 θανάτου,
506 4284 539 4349 ολ
560 4284 676 4348 ἕνδεκα
698 4287 816 4348 τοῦτον
839 4281 1169 4366 παραλαμβάνουσιν,
1202 4285 1240 4346 cs.
1263 4284 1360 4347 Phot.

193 4390 269 4469 περὶ
296 4393 361 4453 τῶν
391 4389 507 4453 ἕνδεκα
535 4387 583 4474 (in
610 4389 677 4452 fine
705 4388 836 4451 litterae
865 4391 912 4470 s),
947 4387 1014 4450 lex.
1041 4386 1149 4449 Bckk.
1179 4382 1252 4468 250,
1280 4385 1300 4448 4
1329 4388 1363 4448 el

196 4491 270 4575 309,
293 4492 334 4556 33
363 4498 425 4558 etc.
455 4497 595 4577 apparet
623 4494 708 4557 haec
738 4492 852 4556 omnia
874 4509 917 4554 ex
947 4487 1069 4554 eodem
1096 4490 1189 4553 fonte
1215 4488 1361 4571 fluxisse,
