3180 5136
686 390 838 493 *95—

182 600 242 676 δὼς
265 599 381 674 καλῶς.
425 598 517 662 unde
538 601 604 662 hoc
627 599 717 678 (dico
741 601 887 682 priorem
910 596 1201 678 significationem)
1229 613 1342 658 mana·

181 699 282 788 verit‚'
299 703 399 768 docel
420 703 486 765 lex.
509 702 615 766 Bekk.
639 699 713 784 226,
730 699 771 762 30
794 697 1015 781 γραμματεύς;
1039 700 1094 761 καὶ
1115 696 1174 760 τὸν
1196 718 1343 781 γραμμα·

181 813 240 870 eea
262 800 279 869 ὁ
303 805 401 889 δῆμος
422 809 606 885 χειροτονεῖ
624 797 896 884 ἅναγνωσόμενον
919 797 1006 883 αὐτῷ
1023 801 1079 863 καὶ
1094 803 1133 886 τῇ
1147 798 1258 886 βοοίιῇ.
1287 801 1344 862 καὶ

182 899 276 983 οὗτος
299 903 430 981 οὐδενὸς
452 905 489 969 τὸ
514 903 652 970 σύνολον
675 902 777 969 ἄλλον
804 907 873 968 ἐστὶ
894 903 1003 988 κύριος
1023 899 1044 987 ἢ
1065 906 1123 966 τού
1146 898 1343 985 ιἰναγνῶναι.

182 1011 271 1076 ἔστιν
293 999 351 1074 οἷον
374 1006 591 1093 ἀνογνώστης.
636 1009 731 1074 vides
755 1027 805 1092 aa,
835 1009 980 1090 quaein
1002 1007 1069 1070 fine
1090 1007 1188 1070 huius
1211 1007 1344 1088 glossae

181 1121 219 1180 ut
233 1133 365 1180 summa
379 1114 480 1176 totius
497 1114 729 1195 explicationis
745 1111 922 1194 adduntur,
945 1112 1019 1175 sola
1033 1111 1075 1175 ab
1091 1111 1260 1191 Hesychia
1277 1128 1342 1190 ser·

182 1222 262 1281 vata
284 1234 366 1280 esse.
412 1220 514 1298 atqua
536 1218 642 1280 totam
664 1216 811 1298 glossam
832 1216 933 1278 laxici
953 1215 1060 1278 Bekh.
1077 1233 1191 1277 rursus
1213 1217 1344 1295 partem
1387 1255 1392 1265 -

183 1338 258 1384 esse
280 1337 324 1382 ex
345 1320 502 1382 uberiore
529 1320 622 1382 fonte
650 1317 877 1396 derivatama
900 1317 1003 1382 Suida
1030 1317 1182 1400 quamvis
1212 1315 1344 1379 detrun-

184 1427 259 1486 cato
283 1421 456 1485 discimus:
480 1419 700 1504 γραμματεύςε
807 1419 965 1505 κίιρρωτοὶ
987 1419 1022 1482 δὲ
1048 1407 1133 1504 ἦσαν
1159 1416 1218 1482 τὸν
1246 1414 1343 1502 dord-

182 1524 245 1607 μὸν
267 1529 368 1604 τρεῖς,
390 1526 570 1606 γράφοντες
591 1523 634 1587 τὰ
656 1523 813 1608 δημόσια.
836 1519 966 1598 οὐδενὸς
988 1522 1023 1585 δὲ
1044 1511 1129 1606 ἦσαν
1150 1519 1185 1585 οῖ
1197 1543 1345 1603 γραμμα-

183 1633 248 1702 τεῖς
280 1616 372 1690 οὗτοι
403 1625 518 1709 κύριοι,
554 1623 625 1690 ἀλλ’
653 1622 673 1712 ἢ
700 1629 760 1691 τοῦ
792 1625 931 1710 γράφειν
962 1627 1019 1688 καὶ
1051 1621 1246 1707 ἀναγνῶναι.
1291 1626 1345 1688 hic

184 1732 288 1825 habes
309 1735 376 1794 tres
399 1730 524 1794 scribas
551 1730 704 1813 publicos
732 1736 770 1794 ut
798 1730 888 1814 apud
914 1730 1098 1810 Pollucem,
1128 1728 1218 1810 apud
1239 1727 1345 1808 Hesy-

186 1829 295 1897 chium
317 1834 415 1897 unius
436 1835 495 1896 vix
516 1833 678 1898 umbram.
702 1871 742 1882 ·-
765 1835 867 1916 paulo
891 1834 987 1897 aliter
1007 1852 1061 1896 res
1084 1850 1121 1895 se
1142 1830 1246 1895 habet
1262 1832 1297 1894 in
1314 1852 1345 1895 r.

187 1936 340 2020 πωληταί.
377 1937 469 2000 Reae
501 1956 533 2018 p.
560 1935 621 1999 441
655 1938 690 2000 in
722 1938 882 2018 Hesychii
914 1936 1025 2000 verbis
1059 1934 1221 2018 πωνηταίε
1255 1923 1346 1996 οὗτοι

185 2039 333 2103 ἐπώλουν
354 2038 396 2102 τὰ
423 2041 704 2120 ἕνεχορασθὲντα·
734 2034 815 2123 ἀργή
843 2061 892 2113 τις
919 2038 1094 2103 Pollucem
1122 2043 1153 2115 (ς
1176 2035 1233 2100 99:
1265 2033 1343 2117 ἀπή·

184 2165 277 2226 γοντα
302 2141 336 2204 δὲ
360 2140 440 2225 ,πρὸς
461 2141 595 2226 τούτονς
617 2145 671 2205 καί
695 2141 729 2205 οἱ
741 2147 906 2224 μετοίκιον
920 2139 963 2225 μὴ
978 2144 1128 2215 τιθέντες
1148 2171 1179 2194 =
1199 2141 1301 2224 Harp.
1314 2163 1344 2204 v.

183 2248 362 2328 μετοίκιον)
392 2263 575 2327 agnoscere
603 2245 667 2309 sibi
687 2246 873 2310 videbatur.
919 2263 981 2328 ego
1016 2245 1111 2308 aliter
1144 2261 1283 2306 censeo:
1317 2245 1345 2307 si

186 2351 345 2431 scriptum
368 2352 455 2412 esset
476 2346 552 2421 τούς
575 2349 866 2429 ἐνεχυρασύέντας,
888 2350 954 2412 hoo
976 2348 1019 2411 ad
1034 2351 1207 2411 metoecos
1221 2348 1346 2410 referre

185 2470 325 2516 neeesse
348 2455 450 2516 esset:
474 2469 574 2540 nunc,
599 2469 674 2514 enm
696 2457 853 2516 neutrum
876 2457 995 2535 exstet,
1017 2451 1122 2515 multo
1151 2450 1186 2514 id
1210 2469 1345 2533 genera-

184 2556 249 2619 lius
271 2556 396 2619 dictum
419 2559 477 2618 est.
513 2555 698 2618 orationem
721 2573 803 2618 sane
824 2557 1042 2620 vehementer
1065 2557 1270 2619 contractam
1292 2556 1347 2619 vel

187 2660 297 2740 potius
311 2660 497 2723 mutilatam
515 2657 614 2721 video
630 2658 665 2720 in
679 2659 857 2739 postremis
872 2659 982 2722 verbis
999 2653 1080 2741 ἀρχή
1096 2679 1144 2730 τις
1160 2658 1215 2736 (cf.
1228 2659 1345 2741 Harp.:

187 2759 221 2824 οἱ
240 2766 300 2843 μὲν
323 2759 468 2844 πιοληταὶ
491 2755 573 2843 ἀρχή
595 2781 642 2834 τις
659 2755 836 2844 Ἀθήνησιν
857 2786 886 2821 κ.
900 2783 929 2822 τ.
943 2759 982 2843 λ.,
1004 2759 1070 2823 lex.
1086 2760 1192 2822 Bekk.
1210 2757 1282 2843 291,
1298 2759 1346 2840 17,

184 2865 294 2946 Etym.
323 2865 432 2947 Magn.
467 2883 493 2927 s.
527 2885 557 2926 v.
591 2883 623 2945 p.
653 2860 748 2947 698),
783 2863 1021 2946 praecedentia
1057 2860 1193 2926 aliunde
1227 2864 1348 2927 hausta

186 2967 340 3053 sunt¹⁰⁷).
387 2970 477 3030 certe
505 2967 533 3030 si
561 2961 643 3049 ἀρχή
671 2989 726 3041 τις·
753 2986 829 3031 eum
861 2965 1027 3049 prioribus
1061 2969 1132 3028 arte
1166 2966 1346 3030 cohaerere

186 3070 347 3135 voluisset
367 3070 565 3152 Hesychius,
580 3069 746 3158 debebat,
768 3075 806 3134 ut
828 3070 908 3133 alibi
929 3085 1094 3152 persaepe
1114 3069 1202 3152 fecit,
1236 3071 1347 3133 statim

186 3176 263 3252 post
286 3172 433 3256 πωληταί
452 3190 589 3256 ponere.
619 3175 734 3258 itaque
755 3174 809 3237 hic
833 3173 974 3237 duamm
998 3172 1258 3254 explicationum
1273 3173 1348 3238 reli·

128 3295 131 3310 ·
188 3275 282 3356 qnias
306 3274 477 3340 habemus.
493 3313 535 3322 —
559 3279 692 3340 tertium
714 3279 765 3341 his
789 3279 982 3360 exemplum
1005 3274 1145 3341 accedat
1165 3293 1234 3338 vox
1257 3299 1347 3360 γερα·

188 3381 256 3460 ραί;
280 3375 395 3460 ἱέρειαι
417 3382 543 3452 κοινῶς,
566 3378 653 3454 ἰδίως
676 3379 710 3442 δὲ
734 3379 770 3442 αῖ
791 3375 1073 3463 παρ”Αθηναίοις
1090 3377 1126 3440 αἱ
1138 3382 1184 3460 τῷ
1200 3375 1346 3460 Διονύσῳ

187 3483 233 3562 τῷ
256 3481 292 3542 ἐν
314 3483 456 3561 Λίμναις
480 3480 521 3545 τὰ
544 3480 617 3564 ἱερά
646 3480 855 3546 ἐπιτελούσαι
884 3486 928 3564 τῷ
958 3478 1093 3563 ἀριθμῷ
1122 3480 1178 3545 ιδ’.
1222 3482 1349 3565 aliquid

187 3583 229 3647 ab
252 3583 422 3664 Hesychio
445 3583 573 3666 recedit
593 3585 716 3648 Pollux
732 3591 747 3663 §
765 3584 836 3670 108,
859 3584 985 3668 aliquid
1008 3585 1051 3649 ab
1073 3589 1219 3668 utroque
1232 3586 1348 3649 Aelius

186 3688 368 3769 Dionysius
389 3687 424 3749 in
452 3686 564 3768 Elym.
587 3687 697 3771 Magn.
720 3709 751 3771 p.
772 3685 833 3751 227
857 3693 1018 3770 γεραῖραι;
1053 3687 1146 3769 παρὰ
1162 3683 1348 3772 Ἀθηναίοις

187 3796 331 3876 γυναῖκές
353 3789 437 3864 τινες
461 3787 556 3872 ἱεραί,
573 3785 611 3864 ἃς
630 3785 647 3855 ὁ
663 3789 814 3871 βασιλεὺς
837 3795 1033 3875 καθίστησιν
1059 3790 1259 3873 ἰσαρίθμους
1279 3797 1347 3867 τοῖς

185 3897 306 3977 βωμοῖς
328 3895 385 3956 τοῦ
408 3889 577 3969 Διονύσον,
601 3889 655 3954 διὰ
678 3889 714 3955 τὸ
738 3897 899 3978 γεραίρειν
921 3891 979 3956 τὸν
1001 3891 1100 3956 dciv.
1129 3889 1213 3958 ούτω
1234 3893 1348 3980 Διονύ·

188 4014 255 4072 σιος
284 3991 581 4079 ὁἎλικαρνασιίς.
626 4000 739 4067 tamen
768 4015 812 4061 ex
841 3995 962 4062 eodem
990 3998 1083 4060 fonte
1112 4014 1170 4060 eos
1197 3997 1348 4061 hausisse

186 4117 246 4180 pro
264 4104 354 4163 certo
371 4100 527 4162 affirmari
541 4103 662 4181 potest.
687 4103 819 4164 constat
834 4099 923 4162 enim
938 4099 1138 4179 Dionysium
1154 4101 1348 4181 saepissime

259 4444 307 4512 ¹⁰¹)
342 4445 418 4497 solus
430 4443 585 4513 Hesychius
604 4459 639 4497 ex
657 4445 787 4499 omnibus
806 4445 964 4498 auctoribus
983 4443 1080 4498 hao'in
1099 4459 1130 4496 re
1146 4445 1347 4513 pignerationis

188 4534 355 4585 mentionem
374 4533 447 4584 lacit.
