3180 5136
697 349 848 448 ‚lim

191 556 331 620 ferenda
358 561 449 638 sunt,
480 575 567 639 quae
589 559 653 621 lex.
677 559 782 621 Behk.
807 555 879 641 443,
903 555 943 620 24
976 559 1143 639 epitomae
1169 557 1354 637 Harpocra-

193 661 326 744 tioneae
348 658 454 722 addit:
485 657 609 742 εἴρηται
638 659 672 722 δὲ
688 656 863 744 ’Ἀρδηττος
892 657 958 722 ἀπὸ
982 655 1154 742 Ἀρδήιιον
1177 653 1295 741 ἥρωος,
1319 652 1355 731 ὃς

186 757 378 844 Ἀθηναίους
401 760 636 838 σιασιάζονιας
659 760 703 837 εὶς
733 757 891 843 ὁμόνοιαν
921 765 1076 846 συνῆψεν.
1120 763 1156 824 ἐν
1184 759 1287 841 τούτῳ
1318 757 1354 842 δὴ

192 867 235 944 τῷ
257 867 363 946 χωρίῳ
386 859 516 944 ὤμνυον
538 863 571 926 οἱ
593 865 744 928 δικασταὶ
765 862 823 928 τὸν
849 863 1036 928 δικαστικὸν
1064 858 1178 946 ὅρκον.
1211 869 1297 943 τρεῖς
1321 861 1354 922 δὲ

192 966 292 1042 θεοὺς
320 963 462 1047 ὤμνυον,
492 970 556 1030 Δία
579 967 734 1052 Δήμητρα
763 970 818 1031 καὶ
837 962 952 1030 Ἥλιον
968 967 1024 1048 ⁸³).
1075 968 1167 1050 quod
1194 966 1354 1030 Ardettus

192 1069 398 1153 δικαστήριον
435 1071 639 1154 appellatur,
676 1073 741 1136 hoc
772 1073 904 1136 Polluci
939 1072 1019 1134 vitio
1058 1074 1108 1134 est
1144 1068 1352 1134 vertendum.

190 1175 293 1256 ipsius
325 1175 538 1237 iurisiurandi
570 1175 675 1238 verba
707 1176 788 1237 mihi
817 1174 858 1237 ad
886 1174 1155 1256 Theophrastum
1186 1172 1354 1254 pertinere

189 1295 260 1340 non
281 1277 444 1340 videntur.
477 1295 681 1359 quamquam
704 1278 786 1340 nihil
807 1281 918 1361 refert,
941 1279 1020 1341 satis
1044 1296 1085 1340 ea
1107 1277 1287 1340 abhorrere
1310 1274 1352 1336 ab

189 1379 248 1442 illa
269 1380 421 1463 formula,
445 1398 548 1462 quam
569 1381 604 1444 in
618 1381 792 1445 Demosth.
809 1381 1020 1443 Timocratea
1041 1380 1182 1462 legimus
1205 1415 1247 1424 -
1269 1378 1354 1439 haec

191 1483 278 1544 enim
313 1483 393 1564 quin
425 1482 527 1565 plane
559 1483 637 1546 ficta
669 1484 727 1565 sit,
763 1489 840 1565 post
870 1483 910 1547 A.
934 1483 1182 1546 Westermanni
1216 1499 1353 1562 operam

191 1587 444 1662 (commentatio
469 1585 512 1648 de
533 1586 746 1649 iurisiurandi
769 1586 917 1650 iudicum
938 1586 1059 1648 Athen.
1083 1584 1236 1666 t'onnula,
1265 1601 1353 1666 quae

190 1691 300 1749 exstat
325 1689 359 1749 in
387 1689 561 1751 Demosth.
592 1693 674 1753 orat.
704 1690 738 1752 in
760 1689 938 1753 Timocrat.
961 1708 1038 1771 pars
1061 1688 1193 1769 Ι-ΗΙ,
1221 1687 1353 1768 Lipsiae

191 1787 288 1869 1859)
311 1792 379 1853 iam
401 1809 501 1855 nemo
524 1793 647 1873 poterit
670 1791 825 1854 dubitare
849 1829 887 1838 -
916 1808 1030 1874 neque
1058 1789 1093 1853 id
1120 1787 1351 1872 premendum,

189 1893 318 1975 deesse,
348 1913 436 1975 quae
458 1913 577 1958 revera
597 1895 686 1957 illius
708 1894 922 1958 iurisiurandi
943 1895 1045 1957 fuisse
1067 1895 1189 1956 scimus
1214 1909 1256 1954 ex
1280 1908 1350 1954 ora-

189 1995 315 2058 toribus
325 1994 382 2079 84),
410 2001 524 2060 tamen
548 2016 588 2061 ea
608 1998 786 2061 intercedit
807 1997 989 2060 similitudo
1012 1999 1100 2060 inter
1120 1997 1295 2059 Pollucem
1319 1999 1352 2056 et

187 2099 361 2162 Demosth.
392 2100 457 2162 XX
493 2097 553 2162 118
587 2096 793 2182 ὀμωμοκότες
827 2099 912 2162 και-ὰ
946 2097 1020 2174 τοὺς
1054 2097 1172 2180 νόμους
1207 2095 1351 2160 δικάσειν

185 2195 278 2284 ἥκετε
313 2203 422 2281 (addit
450 2204 543 2281 Dem.
579 2199 650 2284 οὐχὶ
680 2202 755 2278 τοὺς
784 2203 1055 2284 Λακεδαιμονίων
1089 2201 1163 2266 οὐδὲ
1198 2204 1352 2284 Θηβαίων

188 2329 216 2368 κ.
238 2329 266 2368 τ.
290 2303 334 2384 λ.)
364 2307 517 2390 καὶπερὶ
540 2296 586 2368 ὧν
608 2301 650 2369 aa
674 2305 770 2388 νόμοι
793 2305 834 2389 μὴ
859 2295 935 2378 ὦσι,
964 2304 1072 2392 γνώμῃ
1099 2309 1138 2391 τῇ
1163 2302 1351 2390 δικαιοτάτῃ

190 2414 318 2487 κρινεῖν,
348 2413 384 2471 ut
406 2415 498 2472 recte
520 2429 575 2472 me
598 2414 745 2472 statuere
766 2428 964 2492 persuasum
986 2409 1141 2490 habeam,
1171 2409 1198 2471 si
1221 2425 1264 2470 ex
1286 2407 1352 2470 hoc

189 2511 447 2576 Demosthenico
464 2513 540 2576 loco
555 2513 752 2576 Polluceam
767 2514 944 2576 formulam
961 2513 1097 2576 fluxisse
1112 2512 1262 2574 arbitror.
1294 2528 1350 2572 ex-

190 2614 266 2696 cipit
279 2615 372 2678 illam
387 2617 566 2678 formulam
581 2611 782 2698 ἀμφιορκιάς
798 2617 988 2698 explicatio,
1011 2635 1111 2698 quam
1127 2633 1217 2678 nunc
1233 2632 1350 2678 omues

186 2718 336 2780 reiciunt.
378 2719 528 2800 inprimis
544 2721 779 2783 Westermann
801 2720 822 2782 l.
839 2721 860 2782 l.
878 2719 1119 2783 demonstravit
1141 2737 1245 2781 unum
1266 2716 1349 2780 iudi-

188 2838 264 2881 cum
286 2821 517 2884 iusiurandum
539 2823 640 2886 fuisse
662 2823 765 2905 idque
788 2841 946 2905 annuum,
969 2823 1136 2905 litigantes
1152 2824 1265 2884 autem
1279 2838 1348 2882 non

185 2923 258 3004 ipso
293 2924 405 2986 iudicii
440 2925 494 2988 die
527 2944 639 3008 usque
674 2945 786 2989 coram
822 2926 1004 3008 iudicibus,
1038 2925 1098 2988 sed
1131 2926 1236 2987 multo
1271 2928 1349 2986 ante

188 3043 300 3088 coram
325 3029 515 3108 quaesitore
536 3030 713 3093 iuravisset
738 3029 906 3111 duplicem
926 3031 1026 3112 igitur
1039 3028 1186 3092 Pollucis
1203 3045 1349 3090 errorem

187 3147 271 3192 esse.
301 3148 380 3192 nam
395 3131 500 3194 verba
514 3130 551 3194 τὸ
568 3135 637 3194 πᾶν
653 3133 754 3196 etiam
769 3132 917 3196 iudicum
938 3132 1170 3195 iusiurandum
1192 3133 1349 3214 amplecti

185 3251 298 3315 neque
320 3233 363 3296 ad
384 3235 553 3316 litigantes
576 3236 667 3299 solos
689 3237 804 3299 referri
827 3236 961 3301 dehere.
997 3237 1061 3299 hoc
1085 3235 1173 3298 enim
1196 3235 1223 3297 si
1245 3253 1347 3316 pone-

185 3354 307 3418 remus²
329 3354 397 3399 non
419 3338 569 3420 intellegi
591 3357 701 3421 posse,
727 3357 784 3401 cur
805 3341 926 3402 iterum
947 3325 996 3402 rei
1017 3339 1142 3402 mentio
1165 3338 1260 3401 fieret
1281 3339 1348 3400 iam

186 3456 246 3502 suo
270 3439 346 3503 loco
371 3444 401 3520 (5
419 3440 474 3520 55)
500 3443 683 3524 expositae
715 3442 807 3524 quod
829 3447 1033 3524 postremum
1058 3445 1291 3526 argumentum
1313 3443 1348 3502 in

184 3541 250 3604 hoc
272 3544 433 3625 scriptore
455 3563 580 3607 vanum
603 3548 654 3608 est
677 3550 710 3607 et
731 3546 841 3608 inane.
874 3565 956 3613 cum¹
972 3546 1111 3609 Polluce
1134 3545 1260 3607 faciunt
1280 3544 1345 3606 leX.

184 3643 415 3728 Bekk.184‚9
439 3652 472 3709 et
495 3645 567 3730 311,
583 3645 636 3730 23,
659 3648 789 3711 Psellus
813 3648 865 3712 ed.
888 3649 1039 3712 Boisson.
1054 3669 1087 3730 p.
1106 3646 1166 3710 100
1188 3650 1346 3729 (quocum

184 3839 488 3846 Ἣ

255 3955 292 4023 ⁸³)
328 3961 358 4008 ut
376 3957 486 4025 saepius
510 3957 550 4009 ita
572 3957 625 4009 hoc
650 3974 763 4026 quoque
784 3959 846 4011 loco
865 3955 959 4010 Solem
982 3974 1044 4009 cum
1062 3958 1191 4027 Apolline
1214 3959 1346 4012 conlundi

184 4043 266 4095 docet
287 4043 460 4096 Schoemann
486 4042 585 4113 Opusc.
611 4044 686 4097 acad.
704 4046 717 4096 Ι
735 4031 761 4113 p.
780 4043 831 4098 319
849 4045 941 4097 nott
965 4049 992 4096 et
1015 4046 1063 4113 qui
1086 4061 1150 4097 eum
1173 4050 1282 4099 secutus
1306 4051 1348 4098 est

183 4130 314 4182 Welcher
337 4129 511 4184 Gutterlehre
533 4131 546 4182 1
570 4148 598 4200 p.
615 4129 667 4185 493
689 4135 746 4185 not.
767 4134 808 4201 11,
834 4133 888 4184 nisi
916 4131 991 4201 quod
1018 4131 1063 4183 hic
1090 4147 1183 4184 errans
1210 4132 1293 4202 Harp.
1320 4152 1346 4188 v.

183 4210 280 4282 ἀγυιάς
297 4232 348 4286 pro
367 4218 422 4270 lex.
434 4218 524 4270 Bekk.
542 4217 616 4272 dicit.
634 4218 711 4287 quod
727 4221 757 4271 in
775 4219 964 4278 Timocrateae
983 4219 1102 4272 formula
1118 4219 1265 4288 Neptunus
1283 4221 1345 4274 loco

184 4304 325 4372 Apollinis
343 4305 464 4374 affertur,
482 4304 588 4358 falsarii
606 4310 648 4358 est
665 4321 750 4360 error.
781 4304 924 4358 Pollucem
941 4310 1034 4358 tuetur
1049 4306 1252 4360 Demosthenes
1265 4307 1313 4360 LII
1329 4308 1345 4362 9

181 4395 210 4442 et
227 4391 382 4444 Dinarchus
400 4393 430 4442 in
448 4391 534 4444 schol.
552 4391 699 4446 Aeschinis
717 4393 730 4444 1
749 4392 807 4445 114.

247 4495 292 4561 '⁸4)
327 4495 467 4548 Demosth.
484 4495 556 4548 XLV
574 4497 616 4567 50,
634 4498 717 4550 lsocr.
734 4496 783 4550 XV
801 4495 844 4567 21,
864 4495 968 4550 Andoc.
986 4499 998 4550 1
1016 4496 1058 4552 31.
